2802 5028
218 321 301 398 flq
410 319 416 332 ·
600 313 989 386 onnrro,

216 496 309 560 eerte
330 483 453 544 nemini
473 483 606 547 dubium
620 491 701 556 est,
733 482 812 564 quin
839 503 878 542 eu
898 503 934 542 re
954 481 1043 542 idem
1063 479 1122 540 ille
1144 482 1346 563 imperator

217 571 390 652 plurimum
419 568 535 648 possit.
579 567 802 626 Vehementer
831 573 939 625 autem
967 565 1134 644 pertinere
1162 567 1205 624 ad
1236 567 1348 628 bella

219 650 497 722 administranda,
528 648 607 732 quid
630 650 767 722 hostes,
801 648 880 730 qnid
902 647 985 707 soeii
1007 647 1048 706 de
1068 648 1347 729 imperatoribus

219 736 338 798 vestris
362 734 569 808 existiment,
604 732 676 814 quis
700 732 849 812 ignorat,
883 732 1139 804 consciamne,
1171 733 1347 794 homines

219 819 255 880 in
285 817 386 879 tantis
415 818 537 889 rebus,
575 824 611 876 ut
644 824 699 876 aut
722 823 951 886 contemnant,
973 823 1042 875 -aut
1062 823 1234 889 metuant,
1285 826 1348 876 aut

142 957 149 975 ,
220 901 432 974 oderint,aut
445 907 562 970 ament,
580 900 734 979 opinione
754 920 820 958 non
837 899 942 957 minus
958 898 1075 970 famae,
1098 921 1195 981 quam
1217 899 1349 982 aliqua

219 985 347 1046 ratione
371 990 461 1044 certa
478 983 506 1062 1)
531 983 750 1063 commoveri-'l
793 983 891 1058 Quod
912 981 1013 1060 igitur
1034 1003 1153 1042 nomen
1174 1005 1347 1066 umquam

219 1069 254 1128 in
277 1069 356 1128 orbe
379 1075 538 1126 terrarum
560 1066 680 1126 elarius
703 1066 790 1127 suit?
812 1066 904 1124 euius
926 1086 980 1126 res
1003 1073 1115 1144 gestae
1135 1067 1274 1146 pares?
1304 1068 1345 1124 de

222 1143 294 1234 ¹quo
316 1149 445 1210 homine
466 1171 538 1228 vos,
559 1149 595 1209 id
616 1149 705 1232 qnod
725 1150 861 1208 maxime
877 1149 957 1206 laoit
972 1149 1217 1222 auctoritatem,
1240 1159 1343 1210 tants

176 1247 218 1307 44
230 1245 263 1298 et
285 1244 350 1300 tam
371 1232 545 1313 praeclara.
558 1231 683 1294 iudicia
702 1232 855 1292 fecistis?
897 1232 950 1290 An
971 1250 1048 1292 vero
1070 1232 1168 1292 ullam
1191 1255 1343 1316 nsquam

224 1341 297 1378 esse
321 1339 408 1376 oram
429 1322 494 1375 tam
517 1317 680 1377 desertam
700 1314 842 1395 putatis,
866 1337 929 1398 quo
950 1336 1017 1374 non
1039 1315 1128 1374 illius
1152 1317 1228 1376 diei
1251 1319 1345 1376 fama

222 1401 424 1484 pervaserit,
456 1421 531 1460 eum
551 1399 721 1458 universus
744 1399 884 1478 populus
907 1394 1071 1458 Romanus
1094 1399 1224 1462 referto
1250 1401 1344 1472 foro,

224 1483 463 1564 completisque
474 1483 501 1562 ²)
525 1483 672 1564 omnibus
694 1481 839 1561 templis,
862 1503 903 1542 ex
924 1481 1041 1582 quibus
1058 1481 1112 1540 hie
1132 1480 1235 1543 loeus
1261 1507 1343 1543 eou-

225 1569 309 1648 spici
341 1574 472 1646 potest,
512 1587 611 1624 unum
643 1566 707 1624 sihi
740 1566 781 1624 ad
813 1586 979 1624 commune
1010 1566 1150 1624 omnium
1183 1564 1344 1645 gentium
1400 1604 1401 1619 ι

224 1651 348 1712 bellum
371 1650 431 1707 Gn.
454 1649 645 1730 Pompeium
673 1649 899 1730 imperatorem
914 1649 1144 1728 ,depoposcitl
1187 1650 1342 1734 Itaque,

224 1743 262 1794 ut
282 1733 464 1814 plura'non
486 1733 615 1806 dicam,
648 1753 753 1814 neque
783 1731 918 1792 aliorum
939 1732 1099 1812 exemplis
1120 1733 1341 1805 confirmem,

226 1826 380 1900 qnantum
404 1815 544 1898 [huius]
569 1817 745 1875 auctoritas
763 1815 790 1896 ³)
820 1814 929 1875 valeat
950 1815 985 1873 in
1006 1815 1113 1877 hello:
1150 1816 1190 1876 ab
1217 1819 1342 1877 eodem
1397 1808 1401 1875 l

226 1901 287 1960 (ln.
310 1899 465 1981 Pompeio
484 1899 624 1959 omnium
641 1919 747 1958 rerum
767 1899 968 1978 egregiarum
984 1898 1132 1978 exempla
1150 1909 1340 1960 sumantur.

226 1984 291 2059 Qui
314 2006 377 2066 quo
401 1983 454 2042 die
478 2005 496 2042 a
516 1983 610 2042 vohis
632 1982 792 2041 maritimo
815 1981 904 2044 hello
926 1983 1134 2062 praepositus
1155 1990 1208 2042 est
1235 1985 1342 2066 impe·

226 2076 337 2139 rator,
371 2075 463 2125 tanta
485 2073 621 2146 repente
643 2065 754 2124 vilitas
780 2085 925 2124 annonae
948 2087 991 2124 ex
1013 2086 1134 2134 sununa
1154 2065 1282 2147 inopia
1313 2077 1340 2128 et

1235 2182 1338 2192 —-‘

282 2224 408 2287 l)‘eerta
426 2224 542 2272 ratione.
579 2222 611 2288 2)
629 2222 809 2290 repletisque.
845 2221 876 2288 ὅ)
895 2229 1024 2290 quantum
1042 2224 1202 2274 auotoritas.

230 2319 556 2336 „W

228 2371 284 2423 sis,
310 2368 339 2415 iu
364 2383 409 2413 ore
431 2372 519 2484 ntqqe7
534 2365 563 2414 in
584 2366 668 2415 oeulis
687 2367 844 2434 prouinciae
866 2373 945 2438 qesta
966 2373 1036 2416 suut.
1072 2384 1099 2419 v.
1114 2385 1143 2436 p.
1160 2366 1254 2419 Rose.
1273 2372 1342 2420 Am.

248 2477 254 2489 .
273 2435 311 2487 lss
349 2436 422 2487 infra
446 2437 462 2484 ¹.
522 2472 529 2483 .

231 2440 245 2508 ἓ
285 2473 406 2576 opinione
421 2437 452 2542 -ξ
468 2505 574 2576 sumne,
592 2504 610 2554 i.
631 2521 655 2554 e.
668 2505 811 2572 opinione,
831 2523 900 2572 quae
917 2497 990 2556 fama
1007 2512 1034 2557 et
1050 2523 1174 2558 sermone
1191 2507 1344 2561 hominum

230 2578 411 2648 percrebuit,
439 2595 508 2643 qnae
531 2577 603 2624 lama
624 2582 652 2626 et
676 2593 800 2626 sermone
826 2575 964 2628 hominum
987 2578 1094 2638 nititur.
1131 2578 1215 2628 Verr.
1243 2582 1286 2632 A.
1315 2581 1343 2632 Ι.

233 2649 333 2701 Colon.
350 2667 381 2698 ae
396 2645 486 2714 santa,
506 2647 592 2696 Taur.
608 2645 739 2714 etfama,
759 2647 833 2714 quod
847 2646 964 2710 lirmare¹
974 2649 1084 2698 videtur
1097 2646 1178 2699 Caes.
1196 2648 1266 2702 civ.
1282 2651 1343 2702 89..
1400 2654 1401 2661 ’

232 2729 327 2774 eontra
351 2718 499 2787 opinionem
520 2715 670 2784 fontemque
695 2719 814 2766 anartium.
858 2735 886 2784 p.
911 2718 1014 2768 Flacco
1038 2718 1073 2768 6:
1108 2723 1238 2770 commui
1262 2721 1344 2790 famu

233 2800 313 2857 utque
337 2805 463 2840 sermone.
499 2805 524 2842 v.
540 2787 604 2837 nst.
623 2787 763 2838 l).1157
786 2789 821 2837 ad
837 2787 933 2856 Quint.
956 2789 991 2839 fr.
1008 2789 1024 2836 Ι
1041 2788 1074 2848 l,
1093 2787 1121 2840 8.
1159 2789 1219 2841 Sed
1245 2799 1344 2844 tamen

234 2863 329 2913 eadem
344 2861 451 2911 ratione
463 2859 524 2908 aelio
535 2859 735 2908 inimicitiarum
743 2858 848 2925 legitur
864 2860 893 2908 iu
904 2877 944 2908 or.
955 2877 981 2926 p.
992 2860 1064 2909 Mur.
1081 2860 1105 2926 3.
1120 2859 1168 2910 56.
1187 2880 1213 2913 v.
1222 2871 1288 2915 not.
1305 2865 1343 2914 ad

232 2931 329 2984 leat.
349 2933 372 2998 3.
388 2929 418 2980 4.
453 2930 520 2980 Mox
544 2929 609 2978 dedi
629 2929 735 2978 ratione
749 2936 823 2978 eerta
839 2947 871 2980 ex
887 2929 968 2978 Parr.
986 2929 1012 2979 l.
1030 2930 1057 2980 2.
1073 2931 1102 2980 (3.
1122 2931 1183 2981 Eri.
1201 2940 1228 2983 et
1250 2934 1342 2986 Taur.

236 3004 297 3054 cie.
313 3020 340 3071 p.
361 3001 466 3051 Scauro
486 3018 509 3050 e.
528 2995 563 3048 7:
603 2997 768 3064 Quamquam
791 3001 820 3048 in
844 3001 905 3048 istis
924 3002 1042 3050 omnibns
1057 3004 1149 3059 rebus,
1172 3008 1343 3070 praesertin

234 3073 307 3144 apud
323 3071 440 3121 tornines
457 3071 604 3126 barbaros,
625 3071 712 3139 opinio
728 3069 791 3137 plus
808 3069 882 3119 ualet
898 3089 994 3138 saepe,
1013 3089 1091 3136 quam
1109 3091 1151 3122 res
1168 3076 1237 3141 ipsa.

281 3143 399 3213 judicia.
435 3142 542 3191 Eodem
559 3158 640 3190 senso
655 3141 759 3207 legitor
776 3139 845 3192 haee
862 3158 914 3191 vox
930 3142 962 3190 in'
975 3143 1107 3192 Sextiana
1124 3160 1148 3194 o.
1164 3144 1223 3196 49:
1267 3146 1341 3196 Tem-

233 3215 344 3287 poribus
363 3213 438 3269 illis,
458 3215 503 3278 qni
517 3211 661 3280 populares
679 3219 771 3268 eruut,
791 3240 822 3253 --
839 3212 933 3279 populi
942 3211 1057 3280 jmlieiis
1071 3222 1151 3280 atque
1167 3217 1237 3265 οιιιιιί
1253 3219 1341 3288 siqni-

234 3287 361 3359 fieutioue
374 3281 515 3353 florebant.
552 3301 578 3333 v.
595 3282 639 3330 lv
656 3281 719 3331 cat.
735 3281 762 3331 5.
780 3300 823 3350 pr.
834 3289 867 3346 ,et
881 3301 965 3350 supra
981 3285 1004 3350 3.
1022 3284 1050 3334 2.

291 3356 315 3422 3.
334 3353 384 3404 44.
419 3353 466 3402 Αιι
481 3370 544 3402 vero
563 3379 591 3389 -
606 3353 766 3420 pervaserit.
793 3352 899 3402 Similis
915 3359 956 3403 est
974 3353 1052 3404 locus
1068 3354 1096 3402 in
1112 3349 1163 3402 111
1175 3353 1265 3407 Verr.
1286 3356 1341 3409 89:

238 3426 326 3480 loeus
341 3427 413 3474 intra
435 3422 567 3472 Oceanum
579 3421 634 3490 Ῐιιιιι
649 3423 739 3482 nullus
754 3429 802 3480 est,
820 3442 903 3492 neque
919 3431 973 3472 tam
989 3425 1157 3495 lonqinqous,
1176 3445 1262 3491 neque
1288 3437 1342 3478 tam

239 3495 408 3554 secondum,
440 3512 490 3560 quo
515 3513 567 3544 non
585 3511 636 3560 per
653 3493 717 3542 lmee
734 3500 851 3561 tempora
872 3502 1021 3552 nostrorum
1046 3495 1178 3545 lorninum
1198 3496 1342 3550 lihidoini·

240 3571 382 3635 quitasque
394 3565 555 3636 pervaserit.
583 3563 682 3614 Paullo
699 3569 762 3631 post
778 3566 888 3619 restitui
902 3566 1087 3633 completisque
1104 3585 1137 3616 ex
1152 3566 1234 3618 Parr.
1248 3570 1339 3622 Bm.

241 3637 398 3706 Eram.
417 3637 519 3688 Dresd.
546 3641 573 3686 et
595 3635 638 3685 etl.
661 3635 784 3685 Romana
806 3653 858 3702 pro
882 3637 1002 3686 lectione
1024 3637 1138 3703 vulgata
1160 3639 1339 3707 repletisque,

242 3727 325 3778 quam
347 3707 449 3757 Pani)
474 3715 502 3758 et
519 3706 643 3760 Venetae
659 3723 727 3773 prae
746 3724 775 3756 se
795 3707 897 3756 terunt.
936 3703 1049 3758 Tuso.I
1066 3707 1105 3758 {2
1122 3715 1206 3760 extre
1245 3709 1340 3760 Tamus

238 3797 323 3850 prope
339 3779 439 3828 eoelum
454 3807 486 3816 -
506 3794 590 3826 uerene
605 3776 717 3825 humano
731 3794 827 3846 qenere
844 3777 997 3843 completum
1014 3781 1076 3828 est?
1102 3780 1212 3830 Aeasld.
1231 3781 1264 3830 Π
1283 3783 1339 3833 40:

245 3851 317 3901 Tune
343 3850 420 3898 inane
444 3847 588 3914 quidquam
603 3854 680 3914 putes
698 3865 768 3904 esse,
795 3837 930 3913 quantita
948 3848 1077 3916 completa
1099 3858 1125 3898 et
1146 3849 1269 3918 conferta
1285 3856 1340 3903 sint

242 3921 352 3972 arsenio?

297 3975 424 4056 quantum
441 3985 519 4056 hujus
537 3985 693 4035 atteteritur.
729 3985 844 4036 Uneinis
866 3987 959 4038 notavi
977 4005 1127 4056 pronomen
1142 3987 1240 4059 liujus,
1267 3993 1340 4058 quod

242 4063 381 4115 retinetur
403 4061 432 4109 in
450 4059 573 4108 omnibus
600 4057 680 4107 eodd.
703 4064 730 4107 et
753 4059 814 4107 edd.
833 4063 901 4109 vett.
915 4059 972 4127 jam
989 4080 1004 4109 a
1018 4056 1148 4110 Victorio
1161 4062 1190 4109 in
1209 4063 1253 4111 ed.
1268 4063 1338 4114 Ven.

245 4131 328 4186 1499
345 4131 582 4196 obelonotatnm,
612 4135 640 4178 et
655 4129 682 4176 in
699 4128 875 4196 Naugeriana
896 4135 923 4178 et
937 4148 1013 4198 seqq.
1034 4131 1096 4180 edd.
1113 4131 1261 4192 omissum
1289 4152 1338 4184 non

244 4205 332 4261 enim,
352 4201 487 4268 quomodo
506 4200 622 4248 aliorum
642 4200 772 4265 exemplis
790 4198 951 4250 confirmare
966 4201 1055 4268 possit
1070 4208 1185 4263 orator,
1212 4211 1339 4270 quantun

246 4273 299 4327 (ln.
318 4271 444 4340 Pompeii
461 4271 609 4322 auctoritas
624 4270 652 4318 in
668 4269 745 4320 bello
761 4269 872 4328 valeat„
887 4271 1064 4338 intelligitur.
1186 4267 1192 4276 “

237 4326 244 4350 ⁹
300 4344 393 4394 uilitas
410 4357 537 4391 ιιιιιιυιιαε.
575 4339 717 4390 Plutarch.
734 4339 829 4408 Pomp.
851 4339 905 4390 noa
941 4340 980 4396 Αἰ
1004 4341 1035 4398 δὲ
1060 4346 1146 4415 τιμαὶ
1167 4348 1226 4400 τῶν
1248 4342 1339 4400 einim
