<?xml version="1.0" encoding="UTF-8"?>
<!DOCTYPE html PUBLIC "-//W3C//DTD XHTML 1.0 Transitional//EN"
    "http://www.w3.org/TR/xhtml1/DTD/xhtml1-transitional.dtd">
<html xmlns="http://www.w3.org/1999/xhtml" xml:lang="en" lang="en">
 <head>
  <title>
</title>
<meta http-equiv="Content-Type" content="text/html;charset=utf-8" />
  <meta name='ocr-system' content='tesseract 3.04.00' />
  <meta name='ocr-capabilities' content='ocr_page ocr_carea ocr_par ocr_line ocrx_word'/>
</head>
<body>
  <div class='ocr_page' id='page_1' title='image "./mtulliiciceroni67cicegoog/mtulliiciceroni67cicegoog_0133.png"; bbox 0 0 2802 5028; ppageno 0'>
   <div class='ocr_carea' id='block_1_1' title="bbox 267 357 1026 446">
    <p class='ocr_par' dir='ltr' id='par_1_1' title="bbox 267 357 1026 446">
     <span class='ocr_line' id='line_1_1' title="bbox 267 357 1026 446; baseline -0.005 -34"><span class='ocrx_word' id='word_1_1' title='bbox 267 357 348 434; x_wconf 56' lang='lat' dir='ltr'><strong>{m</strong></span> <span class='ocrx_word' id='word_1_2' title='bbox 568 357 1026 446; x_wconf 61' lang='lat' dir='ltr'><strong>,naasson</strong></span> 
     </span>
    </p>
   </div>
   <div class='ocr_carea' id='block_1_2' title="bbox 203 523 1342 4494">
    <p class='ocr_par' dir='ltr' id='par_1_2' title="bbox 203 523 1342 4494">
     <span class='ocr_line' id='line_1_2' title="bbox 335 523 1330 586; baseline 0 -10"><span class='ocrx_word' id='word_1_3' title='bbox 335 523 499 584; x_wconf 81' lang='lat' dir='ltr'><strong>dicebatur,</strong></span> <span class='ocrx_word' id='word_1_4' title='bbox 527 525 630 576; x_wconf 78' lang='lat' dir='ltr'><strong>tactum</strong></span> <span class='ocrx_word' id='word_1_5' title='bbox 649 532 691 578; x_wconf 86' lang='lat' dir='ltr'><strong>est</strong></span> <span class='ocrx_word' id='word_1_6' title='bbox 706 533 818 576; x_wconf 86' lang='lat' dir='ltr'><strong>senatus</strong></span> <span class='ocrx_word' id='word_1_7' title='bbox 837 525 990 577; x_wconf 81' lang='lat' dir='ltr'><strong>consultum</strong></span> <span class='ocrx_word' id='word_1_8' title='bbox 1008 526 1150 580; x_wconf 74' lang='lat' dir='ltr'>referente</span> <span class='ocrx_word' id='word_1_9' title='bbox 1169 523 1296 586; x_wconf 75' lang='lat' dir='ltr'><strong>Cicerone,</strong></span> <span class='ocrx_word' id='word_1_10' title='bbox 1309 541 1330 576; x_wconf 80' lang='grc' dir='ltr'><strong>ιι</strong></span> 
     </span>
     <span class='ocr_line' id='line_1_3' title="bbox 335 595 1331 664; baseline 0.002 -20"><span class='ocrx_word' id='word_1_11' title='bbox 335 601 449 664; x_wconf 86' lang='lat' dir='ltr'><strong>postero</strong></span> <span class='ocrx_word' id='word_1_12' title='bbox 468 595 512 645; x_wconf 90' lang='lat' dir='ltr'><strong>die</strong></span> <span class='ocrx_word' id='word_1_13' title='bbox 533 597 644 647; x_wconf 75' lang='lat' dir='ltr'><strong>coniitia</strong></span> <span class='ocrx_word' id='word_1_14' title='bbox 662 595 849 656; x_wconf 76' lang='lat' dir='ltr'><strong>haberentur,</strong></span> <span class='ocrx_word' id='word_1_15' title='bbox 878 603 909 647; x_wconf 92' lang='lat' dir='ltr'><strong>ut</strong></span> <span class='ocrx_word' id='word_1_16' title='bbox 934 598 967 648; x_wconf 84' lang='lat' dir='ltr'><strong>de</strong></span> <span class='ocrx_word' id='word_1_17' title='bbox 991 595 1033 648; x_wconf 87' lang='lat' dir='ltr'><strong>his</strong></span> <span class='ocrx_word' id='word_1_18' title='bbox 1059 597 1142 648; x_wconf 86' lang='lat' dir='ltr'><strong>rebus</strong></span> <span class='ocrx_word' id='word_1_19' title='bbox 1161 596 1189 646; x_wconf 91' lang='lat' dir='ltr'><strong>in</strong></span> <span class='ocrx_word' id='word_1_20' title='bbox 1208 598 1331 662; x_wconf 83' lang='lat' dir='ltr'><strong>senatuagi</strong></span> 
     </span>
     <span class='ocr_line' id='line_1_4' title="bbox 334 659 1332 736; baseline 0.001 -21"><span class='ocrx_word' id='word_1_21' title='bbox 334 672 437 736; x_wconf 90' lang='lat' dir='ltr'><strong>posset.</strong></span> <span class='ocrx_word' id='word_1_22' title='bbox 463 664 563 733; x_wconf 88' lang='lat' dir='ltr'><strong>Itaque</strong></span> <span class='ocrx_word' id='word_1_23' title='bbox 583 667 721 734; x_wconf 80' lang='lat' dir='ltr'><strong>postridie</strong></span> <span class='ocrx_word' id='word_1_24' title='bbox 741 659 881 734; x_wconf 68' lang='lat' dir='ltr'><strong>lrelpuenti</strong></span> <span class='ocrx_word' id='word_1_25' title='bbox 900 674 996 718; x_wconf 86' lang='lat' dir='ltr'><strong>senatu</strong></span> <span class='ocrx_word' id='word_1_26' title='bbox 1011 666 1115 718; x_wconf 91' lang='lat' dir='ltr'><strong>Cicero</strong></span> <span class='ocrx_word' id='word_1_27' title='bbox 1133 667 1272 722; x_wconf 80' lang='lat' dir='ltr'>Catilinam</span> <span class='ocrx_word' id='word_1_28' title='bbox 1284 668 1332 717; x_wconf 83' lang='lat' dir='ltr'><strong>erei-</strong></span> 
     </span>
     <span class='ocr_line' id='line_1_5' title="bbox 336 735 1333 806; baseline -0.002 -18"><span class='ocrx_word' id='word_1_29' title='bbox 336 737 415 794; x_wconf 76' lang='lat' dir='ltr'><strong>tavit,</strong></span> <span class='ocrx_word' id='word_1_30' title='bbox 435 741 463 788; x_wconf 90' lang='lat' dir='ltr'><strong>et</strong></span> <span class='ocrx_word' id='word_1_31' title='bbox 476 754 557 803; x_wconf 72' lang='grc' dir='ltr'>φιαιιι</span> <span class='ocrx_word' id='word_1_32' title='bbox 575 737 625 790; x_wconf 90' lang='lat' dir='ltr'><strong>ille</strong></span> <span class='ocrx_word' id='word_1_33' title='bbox 643 735 775 800; x_wconf 55' lang='lat' dir='ltr'><strong>dixissete</strong></span> <span class='ocrx_word' id='word_1_34' title='bbox 796 739 849 788; x_wconf 78' lang='lat' dir='ltr'><strong>due</strong></span> <span class='ocrx_word' id='word_1_35' title='bbox 869 753 988 806; x_wconf 86' lang='lat' dir='ltr'><strong>corpora</strong></span> <span class='ocrx_word' id='word_1_36' title='bbox 1006 755 1066 788; x_wconf 84' lang='lat' dir='ltr'><strong>esse</strong></span> <span class='ocrx_word' id='word_1_37' title='bbox 1086 737 1262 805; x_wconf 82' lang='lat' dir='ltr'><strong>reipublicae,</strong></span> <span class='ocrx_word' id='word_1_38' title='bbox 1277 754 1333 787; x_wconf 84' lang='lat' dir='ltr'><strong>mun</strong></span> 
     </span>
     <span class='ocr_line' id='line_1_6' title="bbox 336 804 1334 878; baseline 0.001 -23"><span class='ocrx_word' id='word_1_39' title='bbox 336 807 438 866; x_wconf 86' lang='lat' dir='ltr'><strong>debile,</strong></span> <span class='ocrx_word' id='word_1_40' title='bbox 458 806 566 856; x_wconf 87' lang='lat' dir='ltr'><strong>infirmo</strong></span> <span class='ocrx_word' id='word_1_41' title='bbox 587 811 690 878; x_wconf 89' lang='lat' dir='ltr'><strong>capite,</strong></span> <span class='ocrx_word' id='word_1_42' title='bbox 712 808 828 858; x_wconf 83' lang='lat' dir='ltr'><strong>alterurn</strong></span> <span class='ocrx_word' id='word_1_43' title='bbox 845 806 969 868; x_wconf 81' lang='lat' dir='ltr'><strong>firmum,</strong></span> <span class='ocrx_word' id='word_1_44' title='bbox 989 804 1046 858; x_wconf 88' lang='lat' dir='ltr'><strong>sine</strong></span> <span class='ocrx_word' id='word_1_45' title='bbox 1067 810 1174 876; x_wconf 80' lang='lat' dir='ltr'><strong>capite3</strong></span> <span class='ocrx_word' id='word_1_46' title='bbox 1194 807 1262 867; x_wconf 85' lang='lat' dir='ltr'><strong>huie,</strong></span> <span class='ocrx_word' id='word_1_47' title='bbox 1278 825 1334 876; x_wconf 85' lang='lat' dir='ltr'><strong>quun</strong></span> 
     </span>
     <span class='ocr_line' id='line_1_7' title="bbox 335 878 1333 947; baseline -0.003 -19"><span class='ocrx_word' id='word_1_48' title='bbox 335 879 376 930; x_wconf 86' lang='lat' dir='ltr'><strong>ita</strong></span> <span class='ocrx_word' id='word_1_49' title='bbox 396 878 429 926; x_wconf 92' lang='lat' dir='ltr'><strong>de</strong></span> <span class='ocrx_word' id='word_1_50' title='bbox 450 895 478 933; x_wconf 83' lang='lat' dir='ltr'><strong>se</strong></span> <span class='ocrx_word' id='word_1_51' title='bbox 498 879 627 931; x_wconf 86' lang='lat' dir='ltr'><strong>meritum</strong></span> <span class='ocrx_word' id='word_1_52' title='bbox 648 885 735 938; x_wconf 87' lang='lat' dir='ltr'><strong>esset,</strong></span> <span class='ocrx_word' id='word_1_53' title='bbox 755 884 855 947; x_wconf 88' lang='lat' dir='ltr'><strong>caput,</strong></span> <span class='ocrx_word' id='word_1_54' title='bbox 875 896 903 928; x_wconf 87' lang='lat' dir='ltr'><strong>se</strong></span> <span class='ocrx_word' id='word_1_55' title='bbox 923 880 1002 938; x_wconf 81' lang='lat' dir='ltr'><strong>vivo,</strong></span> <span class='ocrx_word' id='word_1_56' title='bbox 1029 897 1083 928; x_wconf 91' lang='lat' dir='ltr'><strong>non</strong></span> <span class='ocrx_word' id='word_1_57' title='bbox 1103 879 1270 930; x_wconf 73' lang='lat' dir='ltr'><strong>defuturum:</strong></span> <span class='ocrx_word' id='word_1_58' title='bbox 1292 895 1333 928; x_wconf 86' lang='lat' dir='ltr'><strong>con·</strong></span> 
     </span>
     <span class='ocr_line' id='line_1_8' title="bbox 294 949 1333 1034; baseline -0.002 -36"><span class='ocrx_word' id='word_1_59' title='bbox 294 997 319 1018; x_wconf 59' lang='lat'><strong>·,</strong></span> <span class='ocrx_word' id='word_1_60' title='bbox 336 949 439 1016; x_wconf 78' lang='lat' dir='ltr'>gemuit</span> <span class='ocrx_word' id='word_1_61' title='bbox 458 951 568 999; x_wconf 85' lang='lat' dir='ltr'><strong>senatus</strong></span> <span class='ocrx_word' id='word_1_62' title='bbox 588 951 729 1017; x_wconf 76' lang='lat' dir='ltr'>frequens,</span> <span class='ocrx_word' id='word_1_63' title='bbox 749 966 837 1034; x_wconf 66' lang='lat' dir='ltr'><strong>negue</strong></span> <span class='ocrx_word' id='word_1_64' title='bbox 854 955 945 1007; x_wconf 85' lang='lat' dir='ltr'><strong>tamen</strong></span> <span class='ocrx_word' id='word_1_65' title='bbox 962 949 1028 1002; x_wconf 88' lang='lat' dir='ltr'><strong>satis</strong></span> <span class='ocrx_word' id='word_1_66' title='bbox 1042 967 1137 1008; x_wconf 82' lang='lat' dir='ltr'><strong>severe</strong></span> <span class='ocrx_word' id='word_1_67' title='bbox 1156 967 1208 1018; x_wconf 87' lang='lat' dir='ltr'><strong>pro</strong></span> <span class='ocrx_word' id='word_1_68' title='bbox 1222 949 1260 998; x_wconf 89' lang='lat' dir='ltr'><strong>rei</strong></span> <span class='ocrx_word' id='word_1_69' title='bbox 1272 949 1333 1014; x_wconf 79' lang='lat' dir='ltr'><strong>indig-</strong></span> 
     </span>
     <span class='ocr_line' id='line_1_9' title="bbox 334 1019 1333 1089; baseline -0.004 -20"><span class='ocrx_word' id='word_1_70' title='bbox 334 1020 421 1070; x_wconf 80' lang='lat' dir='ltr'><strong>nitate</strong></span> <span class='ocrx_word' id='word_1_71' title='bbox 442 1019 575 1072; x_wconf 86' lang='lat' dir='ltr'><strong>deerevit.</strong></span> <span class='ocrx_word' id='word_1_72' title='bbox 594 1049 626 1058; x_wconf 91' lang='lat'>-</span> <span class='ocrx_word' id='word_1_73' title='bbox 664 1020 799 1070; x_wconf 75' lang='lat' dir='ltr'><strong>Nonnulla</strong></span> <span class='ocrx_word' id='word_1_74' title='bbox 816 1025 924 1087; x_wconf 88' lang='lat' dir='ltr'><strong>putant,</strong></span> <span class='ocrx_word' id='word_1_75' title='bbox 939 1019 996 1089; x_wconf 87' lang='lat' dir='ltr'><strong>jam</strong></span> <span class='ocrx_word' id='word_1_76' title='bbox 1016 1027 1072 1070; x_wconf 88' lang='lat' dir='ltr'><strong>tum</strong></span> <span class='ocrx_word' id='word_1_77' title='bbox 1090 1021 1195 1070; x_wconf 83' lang='lat' dir='ltr'><strong>iactum</strong></span> <span class='ocrx_word' id='word_1_78' title='bbox 1213 1036 1267 1070; x_wconf 82' lang='lat' dir='ltr'><strong>esse</strong></span> <span class='ocrx_word' id='word_1_79' title='bbox 1282 1036 1333 1070; x_wconf 79' lang='lat' dir='ltr'><strong>sena·</strong></span> 
     </span>
     <span class='ocr_line' id='line_1_10' title="bbox 333 1088 1334 1156; baseline -0.005 -15"><span class='ocrx_word' id='word_1_80' title='bbox 333 1097 379 1141; x_wconf 88' lang='lat' dir='ltr'><strong>tus</strong></span> <span class='ocrx_word' id='word_1_81' title='bbox 399 1089 570 1141; x_wconf 81' lang='lat' dir='ltr'><strong>consultum:</strong></span> <span class='ocrx_word' id='word_1_82' title='bbox 602 1090 725 1148; x_wconf 68' lang='lat' dir='ltr'><strong>viderent</strong></span> <span class='ocrx_word' id='word_1_83' title='bbox 744 1091 883 1148; x_wconf 57' lang='lat' dir='ltr'><strong>conectet,</strong></span> <span class='ocrx_word' id='word_1_84' title='bbox 910 1089 1027 1156; x_wconf 59' lang='lat' dir='ltr'><strong>nequid</strong></span> <span class='ocrx_word' id='word_1_85' title='bbox 1045 1109 1088 1143; x_wconf 81' lang='lat' dir='ltr'><strong>res</strong></span> <span class='ocrx_word' id='word_1_86' title='bbox 1107 1090 1197 1140; x_wconf 77' lang='lat' dir='ltr'><strong>attica</strong></span> <span class='ocrx_word' id='word_1_87' title='bbox 1215 1088 1334 1140; x_wconf 69' lang='lat' dir='ltr'><strong>detrimenti</strong></span> 
     </span>
     <span class='ocr_line' id='line_1_11' title="bbox 334 1154 1334 1228; baseline -0.003 -18"><span class='ocrx_word' id='word_1_88' title='bbox 334 1167 456 1228; x_wconf 81' lang='lat' dir='ltr'><strong>caperet,</strong></span> <span class='ocrx_word' id='word_1_89' title='bbox 491 1159 541 1210; x_wconf 88' lang='lat' dir='ltr'><strong>sed</strong></span> <span class='ocrx_word' id='word_1_90' title='bbox 566 1161 734 1212; x_wconf 74' lang='lat' dir='ltr'><strong>Plutarchus</strong></span> <span class='ocrx_word' id='word_1_91' title='bbox 762 1163 790 1210; x_wconf 91' lang='lat' dir='ltr'><strong>in</strong></span> <span class='ocrx_word' id='word_1_92' title='bbox 818 1159 879 1210; x_wconf 83' lang='lat' dir='ltr'><strong>Cic.</strong></span> <span class='ocrx_word' id='word_1_93' title='bbox 909 1154 1039 1220; x_wconf 71' lang='lat' dir='ltr'><strong>lli-tlt,</strong></span> <span class='ocrx_word' id='word_1_94' title='bbox 1105 1162 1132 1210; x_wconf 92' lang='lat' dir='ltr'><strong>io</strong></span> <span class='ocrx_word' id='word_1_95' title='bbox 1158 1159 1266 1211; x_wconf 86' lang='lat' dir='ltr'><strong>Cassius</strong></span> <span class='ocrx_word' id='word_1_96' title='bbox 1287 1161 1301 1208; x_wconf 94' lang='lat' dir='ltr'><strong>l</strong></span> <span class='ocrx_word' id='word_1_97' title='bbox 1320 1176 1334 1208; x_wconf 87' lang='lat' dir='ltr'><strong>c.</strong></span> 
     </span>
     <span class='ocr_line' id='line_1_12' title="bbox 263 1228 1334 1301; baseline -0.005 -19"><span class='ocrx_word' id='word_1_98' title='bbox 263 1262 267 1270; x_wconf 47' lang='grc' dir='ltr'>ι</span> <span class='ocrx_word' id='word_1_99' title='bbox 335 1229 450 1282; x_wconf 71' lang='lat' dir='ltr'><strong>ate-51</strong></span> <span class='ocrx_word' id='word_1_100' title='bbox 477 1229 552 1281; x_wconf 88' lang='lat' dir='ltr'><strong>istud</strong></span> <span class='ocrx_word' id='word_1_101' title='bbox 578 1231 755 1301; x_wconf 85' lang='lat' dir='ltr'><strong>posthabita</strong></span> <span class='ocrx_word' id='word_1_102' title='bbox 774 1231 1005 1282; x_wconf 80' lang='lat' dir='ltr'><strong>comitiusactnm</strong></span> <span class='ocrx_word' id='word_1_103' title='bbox 1025 1238 1232 1292; x_wconf 69' lang='lat' dir='ltr'><strong>esse‘narrant,</strong></span> <span class='ocrx_word' id='word_1_104' title='bbox 1265 1228 1334 1297; x_wconf 82' lang='lat' dir='ltr'><strong>quibu</strong></span> 
     </span>
     <span class='ocr_line' id='line_1_13' title="bbox 203 1293 1294 1371; baseline -0.001 -19"><span class='ocrx_word' id='word_1_105' title='bbox 203 1293 206 1312; x_wconf 74' lang='lat'>¹</span> <span class='ocrx_word' id='word_1_106' title='bbox 293 1317 296 1321; x_wconf 86' lang='lat'>&#39;</span> <span class='ocrx_word' id='word_1_107' title='bbox 335 1301 465 1352; x_wconf 71' lang='lat' dir='ltr'><strong>assentiri</strong></span> <span class='ocrx_word' id='word_1_108' title='bbox 483 1302 612 1352; x_wconf 82' lang='lat' dir='ltr'><strong>videntur</strong></span> <span class='ocrx_word' id='word_1_109' title='bbox 634 1303 705 1354; x_wconf 87' lang='lat' dir='ltr'><strong>Sall.</strong></span> <span class='ocrx_word' id='word_1_110' title='bbox 725 1299 788 1351; x_wconf 93' lang='lat' dir='ltr'><strong>Cat.</strong></span> <span class='ocrx_word' id='word_1_111' title='bbox 808 1300 848 1351; x_wconf 73' lang='lat'><strong>29</strong></span> <span class='ocrx_word' id='word_1_112' title='bbox 868 1303 974 1368; x_wconf 89' lang='lat' dir='ltr'><strong>etipse</strong></span> <span class='ocrx_word' id='word_1_113' title='bbox 995 1301 1143 1371; x_wconf 64' lang='lat' dir='ltr'><strong>Cieerop⁴</strong></span> <span class='ocrx_word' id='word_1_114' title='bbox 1162 1302 1235 1352; x_wconf 85' lang='lat' dir='ltr'><strong>Mur.</strong></span> <span class='ocrx_word' id='word_1_115' title='bbox 1253 1300 1294 1353; x_wconf 69' lang='lat'><strong>25.</strong></span> 
     </span>
     <span class='ocr_line' id='line_1_14' title="bbox 265 1370 1335 1438; baseline -0.006 -12"><span class='ocrx_word' id='word_1_116' title='bbox 265 1373 394 1426; x_wconf 72' lang='lat' dir='ltr'><strong>Comitia</strong></span> <span class='ocrx_word' id='word_1_117' title='bbox 420 1371 522 1422; x_wconf 85' lang='lat' dir='ltr'><strong>habitis</strong></span> <span class='ocrx_word' id='word_1_118' title='bbox 549 1390 633 1438; x_wconf 86' lang='lat' dir='ltr'><strong>quum</strong></span> <span class='ocrx_word' id='word_1_119' title='bbox 653 1370 778 1424; x_wconf 87' lang='lat' dir='ltr'><strong>consules</strong></span> <span class='ocrx_word' id='word_1_120' title='bbox 798 1371 935 1424; x_wconf 89' lang='lat' dir='ltr'><strong>declarati</strong></span> <span class='ocrx_word' id='word_1_121' title='bbox 954 1379 1045 1423; x_wconf 89' lang='lat' dir='ltr'><strong>essent</strong></span> <span class='ocrx_word' id='word_1_122' title='bbox 1064 1372 1098 1421; x_wconf 85' lang='grc' dir='ltr'><strong>Ι).</strong></span> <span class='ocrx_word' id='word_1_123' title='bbox 1117 1373 1217 1424; x_wconf 70' lang='lat' dir='ltr'><strong>«lunius</strong></span> <span class='ocrx_word' id='word_1_124' title='bbox 1236 1372 1335 1430; x_wconf 80' lang='lat' dir='ltr'><strong>Silanus,</strong></span> 
     </span>
     <span class='ocr_line' id='line_1_15' title="bbox 335 1441 1335 1510; baseline -0.004 -16"><span class='ocrx_word' id='word_1_125' title='bbox 335 1445 369 1494; x_wconf 87' lang='lat' dir='ltr'><strong>L.</strong></span> <span class='ocrx_word' id='word_1_126' title='bbox 388 1442 512 1493; x_wconf 85' lang='lat' dir='ltr'><strong>Licinius</strong></span> <span class='ocrx_word' id='word_1_127' title='bbox 531 1442 666 1502; x_wconf 83' lang='lat' dir='ltr'><strong>Murena,</strong></span> <span class='ocrx_word' id='word_1_128' title='bbox 685 1459 773 1510; x_wconf 83' lang='lat' dir='ltr'><strong>neque</strong></span> <span class='ocrx_word' id='word_1_129' title='bbox 793 1441 926 1502; x_wconf 82' lang='lat' dir='ltr'><strong>insidiae,</strong></span> <span class='ocrx_word' id='word_1_130' title='bbox 948 1459 1014 1510; x_wconf 84' lang='lat' dir='ltr'><strong>quas</strong></span> <span class='ocrx_word' id='word_1_131' title='bbox 1033 1441 1192 1496; x_wconf 78' lang='lat' dir='ltr'><strong>consulibus</strong></span> <span class='ocrx_word' id='word_1_132' title='bbox 1212 1449 1239 1494; x_wconf 89' lang='lat' dir='ltr'><strong>et</strong></span> <span class='ocrx_word' id='word_1_133' title='bbox 1256 1459 1335 1508; x_wconf 84' lang='lat' dir='ltr'><strong>conpe-</strong></span> 
     </span>
     <span class='ocr_line' id='line_1_16' title="bbox 334 1511 1335 1584; baseline -0.006 -19"><span class='ocrx_word' id='word_1_134' title='bbox 334 1513 467 1566; x_wconf 88' lang='lat' dir='ltr'><strong>titoribus</strong></span> <span class='ocrx_word' id='word_1_135' title='bbox 486 1514 542 1566; x_wconf 86' lang='lat' dir='ltr'><strong>suis</strong></span> <span class='ocrx_word' id='word_1_136' title='bbox 560 1514 588 1562; x_wconf 93' lang='lat' dir='ltr'><strong>in</strong></span> <span class='ocrx_word' id='word_1_137' title='bbox 615 1530 711 1582; x_wconf 85' lang='lat' dir='ltr'><strong>eampo</strong></span> <span class='ocrx_word' id='word_1_138' title='bbox 736 1512 844 1563; x_wconf 84' lang='lat' dir='ltr'><strong>iecerat</strong></span> <span class='ocrx_word' id='word_1_139' title='bbox 871 1511 1011 1573; x_wconf 76' lang='lat' dir='ltr'><strong>Catilina,</strong></span> <span class='ocrx_word' id='word_1_140' title='bbox 1041 1530 1179 1584; x_wconf 73' lang='lat' dir='ltr'><strong>prospere</strong></span> <span class='ocrx_word' id='word_1_141' title='bbox 1207 1515 1335 1570; x_wconf 82' lang='lat' dir='ltr'><strong>cessissent:</strong></span> 
     </span>
     <span class='ocr_line' id='line_1_17' title="bbox 337 1581 1335 1652; baseline -0.006 -16"><span class='ocrx_word' id='word_1_142' title='bbox 337 1581 481 1640; x_wconf 79' lang='lat' dir='ltr'><strong>constitnit</strong></span> <span class='ocrx_word' id='word_1_143' title='bbox 498 1583 603 1635; x_wconf 91' lang='lat' dir='ltr'><strong>bellum</strong></span> <span class='ocrx_word' id='word_1_144' title='bbox 622 1583 735 1642; x_wconf 83' lang='lat' dir='ltr'><strong>iacere,</strong></span> <span class='ocrx_word' id='word_1_145' title='bbox 762 1589 789 1634; x_wconf 88' lang='lat' dir='ltr'><strong>et</strong></span> <span class='ocrx_word' id='word_1_146' title='bbox 809 1586 931 1636; x_wconf 86' lang='lat' dir='ltr'><strong>extrema</strong></span> <span class='ocrx_word' id='word_1_147' title='bbox 951 1585 1038 1634; x_wconf 82' lang='lat' dir='ltr'><strong>omnia</strong></span> <span class='ocrx_word' id='word_1_148' title='bbox 1059 1585 1189 1652; x_wconf 83' lang='lat' dir='ltr'><strong>experiri.</strong></span> <span class='ocrx_word' id='word_1_149' title='bbox 1218 1603 1242 1637; x_wconf 83' lang='lat' dir='ltr'><strong>v.</strong></span> <span class='ocrx_word' id='word_1_150' title='bbox 1258 1583 1307 1636; x_wconf 90' lang='lat' dir='ltr'><strong>Cic.</strong></span> <span class='ocrx_word' id='word_1_151' title='bbox 1318 1599 1335 1649; x_wconf 86' lang='lat' dir='ltr'><strong>p.</strong></span> 
     </span>
     <span class='ocr_line' id='line_1_18' title="bbox 333 1651 1336 1717; baseline -0.005 -11"><span class='ocrx_word' id='word_1_152' title='bbox 333 1655 408 1706; x_wconf 76' lang='lat' dir='ltr'><strong>Mur.</strong></span> <span class='ocrx_word' id='word_1_153' title='bbox 433 1651 482 1704; x_wconf 70' lang='lat'><strong>26.</strong></span> <span class='ocrx_word' id='word_1_154' title='bbox 509 1654 526 1704; x_wconf 89' lang='grc' dir='ltr'><strong>Ι</strong></span> <span class='ocrx_word' id='word_1_155' title='bbox 555 1653 618 1717; x_wconf 87' lang='lat' dir='ltr'><strong>Cat.</strong></span> <span class='ocrx_word' id='word_1_156' title='bbox 647 1651 730 1704; x_wconf 68' lang='lat'><strong>5-5.</strong></span> <span class='ocrx_word' id='word_1_157' title='bbox 759 1653 829 1703; x_wconf 87' lang='lat' dir='ltr'><strong>Sall.</strong></span> <span class='ocrx_word' id='word_1_158' title='bbox 858 1653 922 1704; x_wconf 88' lang='lat' dir='ltr'><strong>Cat.</strong></span> <span class='ocrx_word' id='word_1_159' title='bbox 939 1651 1075 1706; x_wconf 70' lang='lat' dir='ltr'><strong>&#39;tt-tt.</strong></span> <span class='ocrx_word' id='word_1_160' title='bbox 1113 1655 1258 1706; x_wconf 82' lang='lat' dir='ltr'><strong>Postremo</strong></span> <span class='ocrx_word' id='word_1_161' title='bbox 1280 1659 1336 1706; x_wconf 88' lang='lat' dir='ltr'><strong>noete</strong></span> 
     </span>
     <span class='ocr_line' id='line_1_19' title="bbox 246 1723 1336 1797; baseline -0.004 -21"><span class='ocrx_word' id='word_1_162' title='bbox 246 1789 247 1797; x_wconf 10' lang='grc' dir='ltr'>ἵ</span> <span class='ocrx_word' id='word_1_163' title='bbox 267 1779 270 1784; x_wconf 72' lang='grc'>,</span> <span class='ocrx_word' id='word_1_164' title='bbox 333 1729 518 1794; x_wconf 84' lang='lat' dir='ltr'><strong>intempesta,</strong></span> <span class='ocrx_word' id='word_1_165' title='bbox 547 1743 616 1794; x_wconf 82' lang='lat' dir='ltr'><strong>qnae</strong></span> <span class='ocrx_word' id='word_1_166' title='bbox 644 1730 790 1777; x_wconf 84' lang='lat' dir='ltr'><strong>consecuta</strong></span> <span class='ocrx_word' id='word_1_167' title='bbox 811 1730 852 1774; x_wconf 85' lang='lat' dir='ltr'><strong>est</strong></span> <span class='ocrx_word' id='word_1_168' title='bbox 877 1731 1018 1793; x_wconf 81' lang='lat' dir='ltr'><strong>posterum</strong></span> <span class='ocrx_word' id='word_1_169' title='bbox 1044 1725 1115 1776; x_wconf 87' lang='lat' dir='ltr'><strong>diem</strong></span> <span class='ocrx_word' id='word_1_170' title='bbox 1134 1723 1273 1780; x_wconf 75' lang='lat' dir='ltr'><strong>Nonarum</strong></span> <span class='ocrx_word' id='word_1_171' title='bbox 1288 1724 1336 1778; x_wconf 79' lang='lat' dir='ltr'><strong>Non</strong></span> 
     </span>
     <span class='ocr_line' id='line_1_20' title="bbox 335 1791 1336 1866; baseline -0.009 -16"><span class='ocrx_word' id='word_1_172' title='bbox 335 1795 533 1866; x_wconf 84' lang='lat' dir='ltr'><strong>conjurationis</strong></span> <span class='ocrx_word' id='word_1_173' title='bbox 561 1795 704 1865; x_wconf 85' lang='lat' dir='ltr'><strong>principes</strong></span> <span class='ocrx_word' id='word_1_174' title='bbox 722 1796 885 1847; x_wconf 85' lang='lat' dir='ltr'><strong>convocavit</strong></span> <span class='ocrx_word' id='word_1_175' title='bbox 902 1797 930 1845; x_wconf 91' lang='lat' dir='ltr'><strong>in</strong></span> <span class='ocrx_word' id='word_1_176' title='bbox 950 1797 1057 1847; x_wconf 87' lang='lat' dir='ltr'><strong>domum</strong></span> <span class='ocrx_word' id='word_1_177' title='bbox 1075 1791 1231 1848; x_wconf 67' lang='lat' dir='ltr'><strong>M.‚&#39;Poreii</strong></span> <span class='ocrx_word' id='word_1_178' title='bbox 1249 1795 1336 1846; x_wconf 85' lang='lat' dir='ltr'><strong>Leeeae.</strong></span> 
     </span>
     <span class='ocr_line' id='line_1_21' title="bbox 333 1865 1336 1935; baseline -0.007 -15.37"><span class='ocrx_word' id='word_1_179' title='bbox 333 1867 380 1920; x_wconf 69' lang='lat' dir='ltr'><strong>lsi</strong></span> <span class='ocrx_word' id='word_1_180' title='bbox 398 1867 504 1935; x_wconf 89' lang='lat' dir='ltr'><strong>reperti</strong></span> <span class='ocrx_word' id='word_1_181' title='bbox 524 1873 586 1918; x_wconf 87' lang='lat' dir='ltr'><strong>sunt</strong></span> <span class='ocrx_word' id='word_1_182' title='bbox 606 1865 641 1918; x_wconf 89' lang='lat' dir='ltr'><strong>C.</strong></span> <span class='ocrx_word' id='word_1_183' title='bbox 662 1865 810 1917; x_wconf 87' lang='lat' dir='ltr'><strong>Cornelius</strong></span> <span class='ocrx_word' id='word_1_184' title='bbox 831 1883 913 1933; x_wconf 88' lang='lat' dir='ltr'><strong>eques</strong></span> <span class='ocrx_word' id='word_1_185' title='bbox 927 1873 960 1917; x_wconf 80' lang='lat' dir='ltr'><strong>et</strong></span> <span class='ocrx_word' id='word_1_186' title='bbox 978 1866 1017 1917; x_wconf 97' lang='lat' dir='ltr'>L</span> <span class='ocrx_word' id='word_1_187' title='bbox 1027 1867 1185 1934; x_wconf 72' lang='lat' dir='ltr'><strong>,Varguntio</strong></span> <span class='ocrx_word' id='word_1_188' title='bbox 1243 1871 1336 1922; x_wconf 83' lang='lat' dir='ltr'><strong>senatu,</strong></span> 
     </span>
     <span class='ocr_line' id='line_1_22' title="bbox 335 1931 1337 2008; baseline -0.006 -19"><span class='ocrx_word' id='word_1_189' title='bbox 335 1939 382 2006; x_wconf 89' lang='lat' dir='ltr'><strong>qni</strong></span> <span class='ocrx_word' id='word_1_190' title='bbox 402 1955 461 1988; x_wconf 88' lang='lat' dir='ltr'><strong>sese</strong></span> <span class='ocrx_word' id='word_1_191' title='bbox 480 1936 577 2006; x_wconf 85' lang='lat' dir='ltr'><strong>paullo</strong></span> <span class='ocrx_word' id='word_1_192' title='bbox 597 1945 659 1988; x_wconf 88' lang='lat' dir='ltr'><strong>ante</strong></span> <span class='ocrx_word' id='word_1_193' title='bbox 678 1935 847 1988; x_wconf 65' lang='lat' dir='ltr'><strong>luccm&#39;VII</strong></span> <span class='ocrx_word' id='word_1_194' title='bbox 865 1935 909 1986; x_wconf 90' lang='lat' dir='ltr'><strong>Id.</strong></span> <span class='ocrx_word' id='word_1_195' title='bbox 928 1931 1006 1987; x_wconf 72' lang='lat' dir='ltr'><strong>Noe.¹</strong></span> <span class='ocrx_word' id='word_1_196' title='bbox 1019 1937 1159 1991; x_wconf 89' lang='lat' dir='ltr'><strong>consulem</strong></span> <span class='ocrx_word' id='word_1_197' title='bbox 1176 1931 1272 2008; x_wconf 77' lang='lat' dir='ltr'><strong>imina</strong></span> <span class='ocrx_word' id='word_1_198' title='bbox 1285 1937 1337 1988; x_wconf 86' lang='lat' dir='ltr'><strong>lecta</strong></span> 
     </span>
     <span class='ocr_line' id='line_1_23' title="bbox 334 2000 1338 2078; baseline -0.003 -19"><span class='ocrx_word' id='word_1_199' title='bbox 334 2009 533 2061; x_wconf 78' lang='lat' dir='ltr'><strong>interfecturos</strong></span> <span class='ocrx_word' id='word_1_200' title='bbox 553 2026 612 2060; x_wconf 87' lang='lat' dir='ltr'><strong>esse</strong></span> <span class='ocrx_word' id='word_1_201' title='bbox 630 2009 843 2078; x_wconf 80' lang='lat' dir='ltr'><strong>pollicerentur.</strong></span> <span class='ocrx_word' id='word_1_202' title='bbox 865 2047 867 2052; x_wconf 94' lang='lat'><em>.</em></span> <span class='ocrx_word' id='word_1_203' title='bbox 883 2005 992 2074; x_wconf 76' lang='lat' dir='ltr'><strong>Quibus</strong></span> <span class='ocrx_word' id='word_1_204' title='bbox 1010 2009 1146 2068; x_wconf 77' lang='lat' dir='ltr'><strong>exclusis,</strong></span> <span class='ocrx_word' id='word_1_205' title='bbox 1174 2005 1236 2072; x_wconf 61' lang='lat' dir='ltr'><strong>Cic*</strong></span> <span class='ocrx_word' id='word_1_206' title='bbox 1251 2000 1257 2068; x_wconf 64' lang='grc'><strong>’,</strong></span> <span class='ocrx_word' id='word_1_207' title='bbox 1290 2005 1338 2056; x_wconf 79' lang='lat' dir='ltr'><strong>ad</strong></span> 
     </span>
     <span class='ocr_line' id='line_1_24' title="bbox 331 2076 1338 2150; baseline -0.002 -20"><span class='ocrx_word' id='word_1_208' title='bbox 331 2081 378 2130; x_wconf 85' lang='lat' dir='ltr'><strong>VI</strong></span> <span class='ocrx_word' id='word_1_209' title='bbox 395 2076 461 2130; x_wconf 85' lang='lat' dir='ltr'><strong>Kal.</strong></span> <span class='ocrx_word' id='word_1_210' title='bbox 481 2079 552 2130; x_wconf 77' lang='lat' dir='ltr'><strong>Nou.</strong></span> <span class='ocrx_word' id='word_1_211' title='bbox 571 2087 694 2134; x_wconf 85' lang='lat' dir='ltr'><strong>senatum</strong></span> <span class='ocrx_word' id='word_1_212' title='bbox 712 2081 741 2130; x_wconf 91' lang='lat' dir='ltr'><strong>in</strong></span> <span class='ocrx_word' id='word_1_213' title='bbox 759 2079 855 2132; x_wconf 87' lang='lat' dir='ltr'><strong>aedem</strong></span> <span class='ocrx_word' id='word_1_214' title='bbox 871 2077 952 2129; x_wconf 78' lang='lat' dir='ltr'><strong>Jovis</strong></span> <span class='ocrx_word' id='word_1_215' title='bbox 971 2079 1092 2142; x_wconf 77' lang='lat' dir='ltr'><strong>Statoris</strong></span> <span class='ocrx_word' id='word_1_216' title='bbox 1113 2079 1287 2150; x_wconf 57' lang='lat' dir='ltr'><strong>conuocanu</strong></span> <span class='ocrx_word' id='word_1_217' title='bbox 1303 2091 1338 2142; x_wconf 78' lang='lat' dir='ltr'><strong>quo</strong></span> 
     </span>
     <span class='ocr_line' id='line_1_25' title="bbox 231 2147 1339 2223; baseline -0.002 -20"><span class='ocrx_word' id='word_1_218' title='bbox 231 2160 236 2177; x_wconf 80' lang='lat'>¹</span> <span class='ocrx_word' id='word_1_219' title='bbox 264 2207 268 2216; x_wconf 50' lang='grc'><strong>,</strong></span> <span class='ocrx_word' id='word_1_220' title='bbox 303 2147 306 2154; x_wconf 83' lang='grc'><strong>’</strong></span> <span class='ocrx_word' id='word_1_221' title='bbox 331 2169 393 2203; x_wconf 92' lang='lat' dir='ltr'><strong>cum</strong></span> <span class='ocrx_word' id='word_1_222' title='bbox 403 2153 440 2201; x_wconf 70' lang='lat' dir='ltr'><strong>at</strong></span> <span class='ocrx_word' id='word_1_223' title='bbox 460 2149 585 2201; x_wconf 82' lang='lat' dir='ltr'><strong>Catilina</strong></span> <span class='ocrx_word' id='word_1_224' title='bbox 602 2151 741 2210; x_wconf 77' lang='lat' dir='ltr'><strong>venisset,</strong></span> <span class='ocrx_word' id='word_1_225' title='bbox 770 2149 865 2201; x_wconf 85' lang='lat' dir='ltr'><strong>consul</strong></span> <span class='ocrx_word' id='word_1_226' title='bbox 889 2151 946 2201; x_wconf 83' lang='lat' dir='ltr'><strong>sive</strong></span> <span class='ocrx_word' id='word_1_227' title='bbox 970 2151 1156 2223; x_wconf 78' lang='lat' dir='ltr'><strong>praesentiam</strong></span> <span class='ocrx_word' id='word_1_228' title='bbox 1177 2151 1235 2220; x_wconf 87' lang='lat' dir='ltr'><strong>ejas</strong></span> <span class='ocrx_word' id='word_1_229' title='bbox 1252 2150 1339 2201; x_wconf 75' lang='lat' dir='ltr'><strong>tinent·</strong></span> 
     </span>
     <span class='ocr_line' id='line_1_26' title="bbox 333 2219 1262 2292; baseline -0.002 -20"><span class='ocrx_word' id='word_1_230' title='bbox 333 2239 381 2272; x_wconf 87' lang='lat' dir='ltr'><strong>sen</strong></span> <span class='ocrx_word' id='word_1_231' title='bbox 398 2222 443 2272; x_wconf 83' lang='lat' dir='ltr'><strong>ira</strong></span> <span class='ocrx_word' id='word_1_232' title='bbox 462 2227 612 2273; x_wconf 86' lang='lat' dir='ltr'><strong>commotus</strong></span> <span class='ocrx_word' id='word_1_233' title='bbox 631 2221 700 2272; x_wconf 86' lang='lat' dir='ltr'><strong>hanc</strong></span> <span class='ocrx_word' id='word_1_234' title='bbox 716 2222 830 2292; x_wconf 69' lang='lat' dir='ltr'><strong>priunum</strong></span> <span class='ocrx_word' id='word_1_235' title='bbox 849 2221 1001 2276; x_wconf 84' lang='lat' dir='ltr'><strong>orationem</strong></span> <span class='ocrx_word' id='word_1_236' title='bbox 1016 2219 1121 2281; x_wconf 88' lang='lat' dir='ltr'><strong>habuit,</strong></span> <span class='ocrx_word' id='word_1_237' title='bbox 1143 2221 1172 2270; x_wconf 92' lang='lat' dir='ltr'><strong>in</strong></span> <span class='ocrx_word' id='word_1_238' title='bbox 1187 2221 1262 2291; x_wconf 69' lang='lat' dir='ltr'><strong>cujam</strong></span> 
     </span>
     <span class='ocr_line' id='line_1_27' title="bbox 262 2287 1339 2362; baseline -0.01 -18"><span class='ocrx_word' id='word_1_239' title='bbox 262 2291 404 2358; x_wconf 74' lang='lat' dir='ltr'><strong>Exci-dio,</strong></span> <span class='ocrx_word' id='word_1_240' title='bbox 425 2293 498 2358; x_wconf 84' lang='lat' dir='ltr'><strong>quod</strong></span> <span class='ocrx_word' id='word_1_241' title='bbox 524 2293 671 2360; x_wconf 60' lang='lat' dir='ltr'><strong>alaruptum</strong></span> <span class='ocrx_word' id='word_1_242' title='bbox 688 2291 853 2362; x_wconf 86' lang='lat' dir='ltr'><strong>plenumque</strong></span> <span class='ocrx_word' id='word_1_243' title='bbox 872 2287 1035 2341; x_wconf 83' lang='lat' dir='ltr'><strong>iracundiae</strong></span> <span class='ocrx_word' id='word_1_244' title='bbox 1053 2298 1081 2342; x_wconf 92' lang='lat' dir='ltr'><strong>et</strong></span> <span class='ocrx_word' id='word_1_245' title='bbox 1099 2288 1290 2358; x_wconf 77' lang='lat' dir='ltr'><strong>indignationis</strong></span> <span class='ocrx_word' id='word_1_246' title='bbox 1305 2289 1339 2341; x_wconf 86' lang='lat' dir='ltr'><strong>esi,</strong></span> 
     </span>
     <span class='ocr_line' id='line_1_28' title="bbox 334 2361 1340 2430; baseline -0.003 -17"><span class='ocrx_word' id='word_1_247' title='bbox 334 2363 475 2424; x_wconf 79' lang='lat' dir='ltr'><strong>Catilinae</strong></span> <span class='ocrx_word' id='word_1_248' title='bbox 496 2363 656 2418; x_wconf 80' lang='lat' dir='ltr'><strong>ell&#39;reuatam</strong></span> <span class='ocrx_word' id='word_1_249' title='bbox 675 2364 818 2426; x_wconf 79' lang='lat' dir='ltr'><strong>audaciam</strong></span> <span class='ocrx_word' id='word_1_250' title='bbox 836 2361 1072 2414; x_wconf 77' lang='lat' dir='ltr'><strong>vehementissime</strong></span> <span class='ocrx_word' id='word_1_251' title='bbox 1087 2361 1234 2430; x_wconf 75' lang='lat' dir='ltr'><strong>increpat,</strong></span> <span class='ocrx_word' id='word_1_252' title='bbox 1254 2371 1340 2425; x_wconf 63' lang='lat' dir='ltr'><strong>eumque</strong></span> 
     </span>
     <span class='ocr_line' id='line_1_29' title="bbox 335 2433 1340 2506; baseline -0.006 -21"><span class='ocrx_word' id='word_1_253' title='bbox 335 2435 371 2485; x_wconf 90' lang='lat' dir='ltr'><strong>ad</strong></span> <span class='ocrx_word' id='word_1_254' title='bbox 391 2440 507 2484; x_wconf 86' lang='lat' dir='ltr'><strong>mortem</strong></span> <span class='ocrx_word' id='word_1_255' title='bbox 527 2435 590 2501; x_wconf 81' lang='lat' dir='ltr'><strong>duci</strong></span> <span class='ocrx_word' id='word_1_256' title='bbox 604 2435 663 2506; x_wconf 83' lang='lat' dir='ltr'><strong>jam</strong></span> <span class='ocrx_word' id='word_1_257' title='bbox 680 2434 789 2502; x_wconf 75' lang='lat' dir='ltr'><strong>pridem</strong></span> <span class='ocrx_word' id='word_1_258' title='bbox 808 2434 983 2502; x_wconf 80' lang='lat' dir='ltr'><strong>oportuisse,</strong></span> <span class='ocrx_word' id='word_1_259' title='bbox 1000 2433 1134 2501; x_wconf 85' lang='lat' dir='ltr'><strong>exemplis</strong></span> <span class='ocrx_word' id='word_1_260' title='bbox 1152 2433 1282 2501; x_wconf 84' lang='lat' dir='ltr'><strong>majarum</strong></span> <span class='ocrx_word' id='word_1_261' title='bbox 1298 2443 1340 2479; x_wconf 79' lang='lat' dir='ltr'><strong>cor·</strong></span> 
     </span>
     <span class='ocr_line' id='line_1_30' title="bbox 264 2503 1340 2574; baseline -0.005 -18"><span class='ocrx_word' id='word_1_262' title='bbox 264 2560 266 2568; x_wconf 33' lang='lat'><strong><em>¹</em></strong></span> <span class='ocrx_word' id='word_1_263' title='bbox 332 2505 439 2564; x_wconf 83' lang='lat' dir='ltr'><strong>firmat,</strong></span> <span class='ocrx_word' id='word_1_264' title='bbox 467 2503 601 2573; x_wconf 85' lang='lat' dir='ltr'><strong>simulque</strong></span> <span class='ocrx_word' id='word_1_265' title='bbox 629 2523 658 2556; x_wconf 90' lang='lat' dir='ltr'><strong>se</strong></span> <span class='ocrx_word' id='word_1_266' title='bbox 681 2507 769 2574; x_wconf 88' lang='lat' dir='ltr'><strong>ipsum</strong></span> <span class='ocrx_word' id='word_1_267' title='bbox 794 2505 911 2556; x_wconf 88' lang='lat' dir='ltr'><strong>inertiae</strong></span> <span class='ocrx_word' id='word_1_268' title='bbox 941 2503 1128 2564; x_wconf 75' lang='lat' dir='ltr'><strong>condemnat,</strong></span> <span class='ocrx_word' id='word_1_269' title='bbox 1150 2505 1258 2555; x_wconf 88' lang='lat' dir='ltr'><strong>ratione</strong></span> <span class='ocrx_word' id='word_1_270' title='bbox 1275 2508 1340 2554; x_wconf 73' lang='lat' dir='ltr'><strong>tanes</strong></span> 
     </span>
     <span class='ocr_line' id='line_1_31' title="bbox 282 2572 1161 2645; baseline -0.001 -19"><span class='ocrx_word' id='word_1_271' title='bbox 282 2627 287 2634; x_wconf 77' lang='grc'><em>,</em></span> <span class='ocrx_word' id='word_1_272' title='bbox 334 2575 481 2645; x_wconf 82' lang='lat' dir='ltr'><strong>subjecta,</strong></span> <span class='ocrx_word' id='word_1_273' title='bbox 501 2593 550 2625; x_wconf 88' lang='lat' dir='ltr'><strong>cur</strong></span> <span class='ocrx_word' id='word_1_274' title='bbox 569 2575 641 2626; x_wconf 91' lang='lat' dir='ltr'><strong>illud</strong></span> <span class='ocrx_word' id='word_1_275' title='bbox 659 2578 778 2627; x_wconf 89' lang='lat' dir='ltr'><strong>nondum</strong></span> <span class='ocrx_word' id='word_1_276' title='bbox 796 2577 909 2628; x_wconf 82' lang='lat' dir='ltr'><strong>iecerit.</strong></span> <span class='ocrx_word' id='word_1_277' title='bbox 945 2575 967 2642; x_wconf 82' lang='lat'><strong>§.</strong></span> <span class='ocrx_word' id='word_1_278' title='bbox 988 2572 1070 2625; x_wconf 79' lang='lat'><strong>1-6.</strong></span> <span class='ocrx_word' id='word_1_279' title='bbox 1158 2635 1161 2640; x_wconf 29' lang='grc' dir='ltr'>Ι</span> 
     </span>
     <span class='ocr_line' id='line_1_32' title="bbox 264 2643 1150 2715; baseline -0.003 -17"><span class='ocrx_word' id='word_1_280' title='bbox 264 2647 338 2700; x_wconf 61' lang='lat' dir='ltr'><strong>Tum,</strong></span> <span class='ocrx_word' id='word_1_281' title='bbox 357 2645 507 2697; x_wconf 85' lang='lat' dir='ltr'><strong>Catilinam</strong></span> <span class='ocrx_word' id='word_1_282' title='bbox 524 2646 671 2706; x_wconf 87' lang='lat' dir='ltr'><strong>hortatur,</strong></span> <span class='ocrx_word' id='word_1_283' title='bbox 691 2653 721 2698; x_wconf 92' lang='lat' dir='ltr'><strong>ut</strong></span> <span class='ocrx_word' id='word_1_284' title='bbox 739 2647 809 2698; x_wconf 89' lang='lat' dir='ltr'><strong>urhe</strong></span> <span class='ocrx_word' id='word_1_285' title='bbox 831 2644 1009 2710; x_wconf 79' lang='lat' dir='ltr'><strong>excedat,in</strong></span> <span class='ocrx_word' id='word_1_286' title='bbox 1028 2643 1084 2715; x_wconf 57' lang='lat' dir='ltr'><strong>{qua</strong></span> <span class='ocrx_word' id='word_1_287' title='bbox 1126 2647 1128 2653; x_wconf 76' lang='grc'>’</span> <span class='ocrx_word' id='word_1_288' title='bbox 1147 2655 1150 2664; x_wconf 96' lang='grc'><strong><em>’</em></strong></span> 
     </span>
     <span class='ocr_line' id='line_1_33' title="bbox 314 2705 1342 2786; baseline -0.006 -18"><span class='ocrx_word' id='word_1_289' title='bbox 314 2717 317 2724; x_wconf 92' lang='grc'><strong>’</strong></span> <span class='ocrx_word' id='word_1_290' title='bbox 368 2721 397 2780; x_wconf 85' lang='lat' dir='ltr'><strong>a)</strong></span> <span class='ocrx_word' id='word_1_291' title='bbox 415 2719 474 2786; x_wconf 88' lang='lat' dir='ltr'><strong>ipse</strong></span> <span class='ocrx_word' id='word_1_292' title='bbox 490 2716 559 2766; x_wconf 91' lang='lat' dir='ltr'><strong>nihil</strong></span> <span class='ocrx_word' id='word_1_293' title='bbox 575 2716 690 2786; x_wconf 85' lang='lat' dir='ltr'><strong>amplius</strong></span> <span class='ocrx_word' id='word_1_294' title='bbox 708 2723 867 2786; x_wconf 81' lang='lat' dir='ltr'><strong>exspectare</strong></span> <span class='ocrx_word' id='word_1_295' title='bbox 883 2717 981 2786; x_wconf 88' lang='lat' dir='ltr'><strong>pessit,</strong></span> <span class='ocrx_word' id='word_1_296' title='bbox 997 2717 1072 2783; x_wconf 77' lang='lat' dir='ltr'><strong>quod</strong></span> <span class='ocrx_word' id='word_1_297' title='bbox 1078 2716 1136 2786; x_wconf 86' lang='lat' dir='ltr'><strong>jam</strong></span> <span class='ocrx_word' id='word_1_298' title='bbox 1151 2715 1242 2766; x_wconf 87' lang='lat' dir='ltr'><strong>omnia</strong></span> <span class='ocrx_word' id='word_1_299' title='bbox 1253 2705 1342 2765; x_wconf 72' lang='lat' dir='ltr'><strong>netad·</strong></span> 
     </span>
     <span class='ocr_line' id='line_1_34' title="bbox 332 2786 1341 2858; baseline -0.004 -18"><span class='ocrx_word' id='word_1_300' title='bbox 332 2789 412 2840; x_wconf 90' lang='lat' dir='ltr'><strong>illius</strong></span> <span class='ocrx_word' id='word_1_301' title='bbox 432 2789 549 2840; x_wconf 87' lang='lat' dir='ltr'><strong>consilia</strong></span> <span class='ocrx_word' id='word_1_302' title='bbox 568 2788 631 2840; x_wconf 92' lang='lat' dir='ltr'><strong>luce</strong></span> <span class='ocrx_word' id='word_1_303' title='bbox 651 2790 772 2841; x_wconf 88' lang='lat' dir='ltr'><strong>clariora</strong></span> <span class='ocrx_word' id='word_1_304' title='bbox 792 2790 854 2840; x_wconf 88' lang='lat' dir='ltr'><strong>sint.</strong></span> <span class='ocrx_word' id='word_1_305' title='bbox 876 2786 1020 2855; x_wconf 73' lang='lat'><strong>-§.12.</strong></span> <span class='ocrx_word' id='word_1_306' title='bbox 1071 2839 1088 2851; x_wconf 11' lang='grc' dir='ltr'><strong>,ἵ</strong></span> <span class='ocrx_word' id='word_1_307' title='bbox 1337 2846 1341 2858; x_wconf 41' lang='grc' dir='ltr'>Ι</span> 
     </span>
     <span class='ocr_line' id='line_1_35' title="bbox 369 2852 1342 2930; baseline -0.008 -21"><span class='ocrx_word' id='word_1_308' title='bbox 369 2861 397 2922; x_wconf 77' lang='lat' dir='ltr'><strong>b)</strong></span> <span class='ocrx_word' id='word_1_309' title='bbox 414 2859 443 2909; x_wconf 90' lang='lat' dir='ltr'><strong>in</strong></span> <span class='ocrx_word' id='word_1_310' title='bbox 462 2877 517 2928; x_wconf 89' lang='lat' dir='ltr'><strong>qua</strong></span> <span class='ocrx_word' id='word_1_311' title='bbox 535 2861 666 2930; x_wconf 80' lang='lat' dir='ltr'><strong>cumjam</strong></span> <span class='ocrx_word' id='word_1_312' title='bbox 693 2861 763 2910; x_wconf 88' lang='lat' dir='ltr'><strong>nihil</strong></span> <span class='ocrx_word' id='word_1_313' title='bbox 793 2861 935 2910; x_wconf 89' lang='lat' dir='ltr'><strong>delectare</strong></span> <span class='ocrx_word' id='word_1_314' title='bbox 960 2859 1067 2926; x_wconf 84' lang='lat' dir='ltr'><strong>possit,</strong></span> <span class='ocrx_word' id='word_1_315' title='bbox 1097 2858 1171 2925; x_wconf 89' lang='lat' dir='ltr'><strong>quod</strong></span> <span class='ocrx_word' id='word_1_316' title='bbox 1197 2852 1342 2908; x_wconf 74' lang='lat' dir='ltr'><strong>omnesne</strong></span> 
     </span>
     <span class='ocr_line' id='line_1_36' title="bbox 334 2927 1342 2999; baseline -0.008 -17"><span class='ocrx_word' id='word_1_317' title='bbox 334 2949 395 2988; x_wconf 74' lang='lat' dir='ltr'><strong>enan</strong></span> <span class='ocrx_word' id='word_1_318' title='bbox 421 2927 540 2999; x_wconf 73' lang='lat' dir='ltr'><strong>propter</strong></span> <span class='ocrx_word' id='word_1_319' title='bbox 567 2931 703 2998; x_wconf 82' lang='lat' dir='ltr'><strong>privatam</strong></span> <span class='ocrx_word' id='word_1_320' title='bbox 730 2929 914 2998; x_wconf 84' lang='lat' dir='ltr'><strong>ignominiam</strong></span> <span class='ocrx_word' id='word_1_321' title='bbox 932 2928 1061 2980; x_wconf 82' lang='lat' dir='ltr'><strong>vitiorum</strong></span> <span class='ocrx_word' id='word_1_322' title='bbox 1082 2935 1110 2979; x_wconf 92' lang='lat' dir='ltr'><strong>et</strong></span> <span class='ocrx_word' id='word_1_323' title='bbox 1128 2927 1255 2978; x_wconf 79' lang='lat' dir='ltr'><strong>facinora</strong></span> <span class='ocrx_word' id='word_1_324' title='bbox 1273 2927 1342 2974; x_wconf 72' lang='lat' dir='ltr'><strong>contr·</strong></span> 
     </span>
     <span class='ocr_line' id='line_1_37' title="bbox 317 2995 1341 3071; baseline -0.013 -19"><span class='ocrx_word' id='word_1_325' title='bbox 317 3001 632 3070; x_wconf 65' lang='lat' dir='ltr'><strong>rempublicamatque</strong></span> <span class='ocrx_word' id='word_1_326' title='bbox 649 3002 766 3052; x_wconf 86' lang='lat' dir='ltr'><strong>omnium</strong></span> <span class='ocrx_word' id='word_1_327' title='bbox 782 3003 866 3052; x_wconf 81' lang='lat' dir='ltr'><strong>vitam</strong></span> <span class='ocrx_word' id='word_1_328' title='bbox 883 3001 1052 3068; x_wconf 61' lang='lat' dir='ltr'><strong>salutemque</strong></span> <span class='ocrx_word' id='word_1_329' title='bbox 1066 3004 1178 3068; x_wconf 86' lang='lat' dir='ltr'><strong>patrata</strong></span> <span class='ocrx_word' id='word_1_330' title='bbox 1196 3006 1225 3050; x_wconf 89' lang='lat' dir='ltr'><strong>et</strong></span> <span class='ocrx_word' id='word_1_331' title='bbox 1238 2995 1341 3071; x_wconf 75' lang='lat' dir='ltr'><strong>meditat·</strong></span> 
     </span>
     <span class='ocr_line' id='line_1_38' title="bbox 334 3071 1342 3156; baseline -0.005 -35"><span class='ocrx_word' id='word_1_332' title='bbox 334 3072 445 3122; x_wconf 85' lang='lat' dir='ltr'><strong>oderint</strong></span> <span class='ocrx_word' id='word_1_333' title='bbox 463 3079 546 3156; x_wconf 75' lang='lat' dir='ltr'><strong>atgue</strong></span> <span class='ocrx_word' id='word_1_334' title='bbox 564 3079 687 3124; x_wconf 89' lang='lat' dir='ltr'><strong>metuant</strong></span> <span class='ocrx_word' id='word_1_335' title='bbox 705 3099 738 3112; x_wconf 80' lang='lat'><em>-</em></span> <span class='ocrx_word' id='word_1_336' title='bbox 759 3071 797 3124; x_wconf 77' lang='lat'><strong>18</strong></span> <span class='ocrx_word' id='word_1_337' title='bbox 852 3071 977 3126; x_wconf 77' lang='lat' dir='ltr'><strong>Additur</strong></span> <span class='ocrx_word' id='word_1_338' title='bbox 1003 3075 1192 3138; x_wconf 77' lang='lat' dir='ltr'><strong>argumentum</strong></span> <span class='ocrx_word' id='word_1_339' title='bbox 1214 3089 1231 3120; x_wconf 82' lang='lat' dir='ltr'><strong>a</strong></span> <span class='ocrx_word' id='word_1_340' title='bbox 1253 3074 1342 3138; x_wconf 72' lang='lat' dir='ltr'><strong>propm</strong></span> 
     </span>
     <span class='ocr_line' id='line_1_39' title="bbox 310 3141 1086 3212; baseline -0.001 -20"><span class='ocrx_word' id='word_1_341' title='bbox 310 3145 313 3154; x_wconf 86' lang='lat'>&#39;</span> <span class='ocrx_word' id='word_1_342' title='bbox 341 3141 480 3193; x_wconf 85' lang='lat' dir='ltr'><strong>Catilinae</strong></span> <span class='ocrx_word' id='word_1_343' title='bbox 493 3143 600 3212; x_wconf 71' lang='lat' dir='ltr'><strong>judicio</strong></span> <span class='ocrx_word' id='word_1_344' title='bbox 1081 3204 1086 3210; x_wconf 21' lang='grc' dir='ltr'><em>ῃ</em></span> 
     </span>
     <span class='ocr_line' id='line_1_40' title="bbox 368 3201 1341 3282; baseline -0.007 -20"><span class='ocrx_word' id='word_1_345' title='bbox 368 3215 393 3276; x_wconf 88' lang='lat' dir='ltr'><strong>e)</strong></span> <span class='ocrx_word' id='word_1_346' title='bbox 412 3212 486 3281; x_wconf 85' lang='lat' dir='ltr'><strong>quod</strong></span> <span class='ocrx_word' id='word_1_347' title='bbox 504 3229 564 3264; x_wconf 84' lang='lat' dir='ltr'><strong>sese</strong></span> <span class='ocrx_word' id='word_1_348' title='bbox 583 3213 654 3282; x_wconf 86' lang='lat' dir='ltr'><strong>ipse,</strong></span> <span class='ocrx_word' id='word_1_349' title='bbox 673 3212 801 3264; x_wconf 77' lang='lat' dir='ltr'><strong>vitandae</strong></span> <span class='ocrx_word' id='word_1_350' title='bbox 821 3211 985 3280; x_wconf 83' lang='lat' dir='ltr'><strong>suspicionis</strong></span> <span class='ocrx_word' id='word_1_351' title='bbox 1005 3227 1087 3263; x_wconf 86' lang='lat' dir='ltr'><strong>eausa</strong></span> <span class='ocrx_word' id='word_1_352' title='bbox 1104 3211 1132 3260; x_wconf 83' lang='lat' dir='ltr'><strong>ia</strong></span> <span class='ocrx_word' id='word_1_353' title='bbox 1152 3208 1297 3274; x_wconf 85' lang='lat' dir='ltr'><strong>custodiam</strong></span> <span class='ocrx_word' id='word_1_354' title='bbox 1311 3201 1341 3250; x_wconf 72' lang='lat' dir='ltr'><strong>de·</strong></span> 
     </span>
     <span class='ocr_line' id='line_1_41' title="bbox 342 3281 1164 3337; baseline 0.006 -5"><span class='ocrx_word' id='word_1_355' title='bbox 342 3281 417 3334; x_wconf 84' lang='lat' dir='ltr'><strong>derit</strong></span> <span class='ocrx_word' id='word_1_356' title='bbox 438 3311 468 3322; x_wconf 78' lang='lat'><strong>-</strong></span> <span class='ocrx_word' id='word_1_357' title='bbox 507 3322 513 3334; x_wconf 91' lang='lat'><strong>.</strong></span> <span class='ocrx_word' id='word_1_358' title='bbox 534 3283 581 3335; x_wconf 73' lang='lat'><strong>19.</strong></span> <span class='ocrx_word' id='word_1_359' title='bbox 646 3307 651 3319; x_wconf 59' lang='grc' dir='ltr'>ι</span> <span class='ocrx_word' id='word_1_360' title='bbox 1161 3328 1164 3337; x_wconf 79' lang='lat'>.</span> 
     </span>
     <span class='ocr_line' id='line_1_42' title="bbox 263 3285 1341 3423; baseline -0.011 -17"><span class='ocrx_word' id='word_1_361' title='bbox 263 3349 320 3406; x_wconf 84' lang='lat' dir='ltr'><strong>Per</strong></span> <span class='ocrx_word' id='word_1_362' title='bbox 338 3352 455 3422; x_wconf 79' lang='lat' dir='ltr'><strong>figuram</strong></span> <span class='ocrx_word' id='word_1_363' title='bbox 475 3285 664 3423; x_wconf 66' lang='lat' dir='ltr'><strong>dannationis</strong></span> <span class='ocrx_word' id='word_1_364' title='bbox 684 3358 779 3410; x_wconf 86' lang='lat' dir='ltr'><strong>orator</strong></span> <span class='ocrx_word' id='word_1_365' title='bbox 799 3349 958 3411; x_wconf 86' lang='lat' dir='ltr'><strong>Catilinae,</strong></span> <span class='ocrx_word' id='word_1_366' title='bbox 987 3356 1018 3400; x_wconf 85' lang='lat' dir='ltr'><strong>ut</strong></span> <span class='ocrx_word' id='word_1_367' title='bbox 1037 3350 1071 3401; x_wconf 90' lang='lat' dir='ltr'><strong>de</strong></span> <span class='ocrx_word' id='word_1_368' title='bbox 1091 3368 1123 3402; x_wconf 87' lang='lat' dir='ltr'><strong>ea</strong></span> <span class='ocrx_word' id='word_1_369' title='bbox 1141 3367 1172 3399; x_wconf 90' lang='lat' dir='ltr'><strong>re</strong></span> <span class='ocrx_word' id='word_1_370' title='bbox 1193 3349 1229 3400; x_wconf 88' lang='lat' dir='ltr'><strong>ad</strong></span> <span class='ocrx_word' id='word_1_371' title='bbox 1246 3348 1341 3398; x_wconf 73' lang='lat' dir='ltr'><strong>senatum</strong></span> 
     </span>
     <span class='ocr_line' id='line_1_43' title="bbox 335 3411 1342 3498; baseline -0.01 -23"><span class='ocrx_word' id='word_1_372' title='bbox 335 3426 486 3484; x_wconf 81' lang='lat' dir='ltr'><strong>referatur,</strong></span> <span class='ocrx_word' id='word_1_373' title='bbox 505 3425 667 3496; x_wconf 84' lang='lat' dir='ltr'><strong>postulanti,</strong></span> <span class='ocrx_word' id='word_1_374' title='bbox 687 3411 726 3492; x_wconf 68' lang='lat' dir='ltr'><strong>ei2</strong></span> <span class='ocrx_word' id='word_1_375' title='bbox 745 3425 768 3474; x_wconf 90' lang='lat' dir='ltr'><strong>si</strong></span> <span class='ocrx_word' id='word_1_376' title='bbox 786 3430 895 3479; x_wconf 85' lang='lat' dir='ltr'><strong>senatus</strong></span> <span class='ocrx_word' id='word_1_377' title='bbox 914 3423 944 3472; x_wconf 91' lang='lat' dir='ltr'><strong>id</strong></span> <span class='ocrx_word' id='word_1_378' title='bbox 963 3421 1129 3479; x_wconf 78' lang='lat' dir='ltr'><strong>decreveiit,</strong></span> <span class='ocrx_word' id='word_1_379' title='bbox 1149 3439 1178 3470; x_wconf 90' lang='lat' dir='ltr'><strong>se</strong></span> <span class='ocrx_word' id='word_1_380' title='bbox 1197 3419 1226 3470; x_wconf 91' lang='lat' dir='ltr'><strong>in</strong></span> <span class='ocrx_word' id='word_1_381' title='bbox 1244 3414 1342 3498; x_wconf 67' lang='lat' dir='ltr'><strong>exsilium</strong></span> 
     </span>
     <span class='ocr_line' id='line_1_44' title="bbox 267 3487 1340 3562; baseline -0.009 -15"><span class='ocrx_word' id='word_1_382' title='bbox 267 3522 268 3525; x_wconf 28' lang='grc' dir='ltr'>ι</span> <span class='ocrx_word' id='word_1_383' title='bbox 335 3497 438 3547; x_wconf 88' lang='lat' dir='ltr'><strong>iturum</strong></span> <span class='ocrx_word' id='word_1_384' title='bbox 458 3513 535 3556; x_wconf 87' lang='lat' dir='ltr'><strong>esse,</strong></span> <span class='ocrx_word' id='word_1_385' title='bbox 565 3496 685 3555; x_wconf 90' lang='lat' dir='ltr'><strong>dicenti,</strong></span> <span class='ocrx_word' id='word_1_386' title='bbox 712 3495 882 3546; x_wconf 78' lang='lat' dir='ltr'><strong>uoluntatem</strong></span> <span class='ocrx_word' id='word_1_387' title='bbox 899 3499 1009 3562; x_wconf 84' lang='lat' dir='ltr'><strong>patrum</strong></span> <span class='ocrx_word' id='word_1_388' title='bbox 1028 3493 1176 3558; x_wconf 81' lang='lat' dir='ltr'><strong>tacitorum</strong></span> <span class='ocrx_word' id='word_1_389' title='bbox 1196 3487 1340 3541; x_wconf 75' lang='lat' dir='ltr'><strong>astenet-</strong></span> 
     </span>
     <span class='ocr_line' id='line_1_45' title="bbox 336 3553 1341 3634; baseline -0.012 -17"><span class='ocrx_word' id='word_1_390' title='bbox 336 3567 359 3634; x_wconf 64' lang='grc'><strong>5.</strong></span> <span class='ocrx_word' id='word_1_391' title='bbox 379 3565 435 3627; x_wconf 71' lang='lat'><strong>21,</strong></span> <span class='ocrx_word' id='word_1_392' title='bbox 456 3584 586 3633; x_wconf 84' lang='lat' dir='ltr'><strong>eumque,</strong></span> <span class='ocrx_word' id='word_1_393' title='bbox 608 3567 682 3634; x_wconf 85' lang='lat' dir='ltr'><strong>quod</strong></span> <span class='ocrx_word' id='word_1_394' title='bbox 699 3567 777 3618; x_wconf 88' lang='lat' dir='ltr'><strong>nulla</strong></span> <span class='ocrx_word' id='word_1_395' title='bbox 795 3583 826 3615; x_wconf 91' lang='lat' dir='ltr'><strong>re</strong></span> <span class='ocrx_word' id='word_1_396' title='bbox 846 3565 951 3631; x_wconf 75' lang='lat' dir='ltr'><strong>corrigi</strong></span> <span class='ocrx_word' id='word_1_397' title='bbox 970 3562 1073 3630; x_wconf 77' lang='lat' dir='ltr'><strong>p&#39;ossit,</strong></span> <span class='ocrx_word' id='word_1_398' title='bbox 1093 3563 1194 3614; x_wconf 90' lang='lat' dir='ltr'><strong>iterum</strong></span> <span class='ocrx_word' id='word_1_399' title='bbox 1213 3562 1306 3612; x_wconf 87' lang='lat' dir='ltr'><strong>monet,</strong></span> <span class='ocrx_word' id='word_1_400' title='bbox 1321 3553 1341 3596; x_wconf 67' lang='lat'><strong>¹¹⁸</strong></span> 
     </span>
     <span class='ocr_line' id='line_1_46' title="bbox 335 3631 1340 3700; baseline -0.015 -13"><span class='ocrx_word' id='word_1_401' title='bbox 335 3636 382 3687; x_wconf 75' lang='lat' dir='ltr'><strong>uel</strong></span> <span class='ocrx_word' id='word_1_402' title='bbox 401 3654 461 3688; x_wconf 88' lang='lat' dir='ltr'><strong>oum</strong></span> <span class='ocrx_word' id='word_1_403' title='bbox 480 3653 582 3689; x_wconf 86' lang='lat' dir='ltr'><strong>summa</strong></span> <span class='ocrx_word' id='word_1_404' title='bbox 601 3637 720 3700; x_wconf 74' lang='lat' dir='ltr'><strong>consulis</strong></span> <span class='ocrx_word' id='word_1_405' title='bbox 739 3637 843 3688; x_wconf 83' lang='lat' dir='ltr'><strong>invidia</strong></span> <span class='ocrx_word' id='word_1_406' title='bbox 861 3637 889 3685; x_wconf 91' lang='lat' dir='ltr'><strong>in</strong></span> <span class='ocrx_word' id='word_1_407' title='bbox 909 3635 1043 3692; x_wconf 81' lang='lat' dir='ltr'><strong>exsilium,</strong></span> <span class='ocrx_word' id='word_1_408' title='bbox 1062 3633 1114 3684; x_wconf 74' lang='lat' dir='ltr'><strong>‚sel</strong></span> <span class='ocrx_word' id='word_1_409' title='bbox 1134 3651 1194 3683; x_wconf 89' lang='lat' dir='ltr'><strong>cum</strong></span> <span class='ocrx_word' id='word_1_410' title='bbox 1211 3631 1340 3696; x_wconf 73' lang='lat' dir='ltr'><strong>importans</strong></span> 
     </span>
     <span class='ocr_line' id='line_1_47' title="bbox 337 3695 1340 3824; baseline -0.009 -66"><span class='ocrx_word' id='word_1_411' title='bbox 337 3707 537 3760; x_wconf 75' lang='lat' dir='ltr'><strong>sceleratorum</strong></span> <span class='ocrx_word' id='word_1_412' title='bbox 552 3725 633 3757; x_wconf 81' lang='lat' dir='ltr'><strong>nrann</strong></span> <span class='ocrx_word' id='word_1_413' title='bbox 649 3707 684 3756; x_wconf 89' lang='lat' dir='ltr'><strong>ad</strong></span> <span class='ocrx_word' id='word_1_414' title='bbox 698 3707 832 3757; x_wconf 86' lang='lat' dir='ltr'><strong>Manlium</strong></span> <span class='ocrx_word' id='word_1_415' title='bbox 840 3706 1016 3774; x_wconf 74' lang='lat' dir='ltr'><strong>egrediatur,</strong></span> <span class='ocrx_word' id='word_1_416' title='bbox 1035 3695 1201 3824; x_wconf 65' lang='lat' dir='ltr'><strong>praesertim</strong></span> <span class='ocrx_word' id='word_1_417' title='bbox 1217 3715 1290 3782; x_wconf 74' lang='lat' dir='ltr'><strong>quum</strong></span> <span class='ocrx_word' id='word_1_418' title='bbox 1299 3695 1340 3774; x_wconf 56' lang='lat' dir='ltr'><strong>jtffl</strong></span> 
     </span>
     <span class='ocr_line' id='line_1_48' title="bbox 373 3765 1339 3846; baseline -0.001 -20"><span class='ocrx_word' id='word_1_419' title='bbox 373 3776 450 3839; x_wconf 66' lang='lat' dir='ltr'><strong>diet</strong></span> <span class='ocrx_word' id='word_1_420' title='bbox 468 3777 587 3846; x_wconf 88' lang='lat' dir='ltr'><strong>aquilam</strong></span> <span class='ocrx_word' id='word_1_421' title='bbox 605 3777 682 3826; x_wconf 89' lang='lat' dir='ltr'><strong>illam</strong></span> <span class='ocrx_word' id='word_1_422' title='bbox 701 3785 859 3846; x_wconf 85' lang='lat' dir='ltr'><strong>argenteam</strong></span> <span class='ocrx_word' id='word_1_423' title='bbox 879 3783 910 3828; x_wconf 89' lang='lat' dir='ltr'><strong>et·</strong></span> <span class='ocrx_word' id='word_1_424' title='bbox 926 3781 1017 3828; x_wconf 86' lang='lat' dir='ltr'><strong>certos</strong></span> <span class='ocrx_word' id='word_1_425' title='bbox 1060 3773 1162 3826; x_wconf 89' lang='lat' dir='ltr'><strong>omines</strong></span> <span class='ocrx_word' id='word_1_426' title='bbox 1181 3765 1339 3841; x_wconf 65' lang='lat' dir='ltr'><strong>praemltffli</strong></span> 
     </span>
     <span class='ocr_line' id='line_1_49' title="bbox 339 3839 1339 3916; baseline -0.004 -19"><span class='ocrx_word' id='word_1_427' title='bbox 339 3845 493 3916; x_wconf 82' lang='lat' dir='ltr'><strong>quisihiad</strong></span> <span class='ocrx_word' id='word_1_428' title='bbox 505 3850 595 3898; x_wconf 81' lang='lat' dir='ltr'><strong>foram</strong></span> <span class='ocrx_word' id='word_1_429' title='bbox 604 3847 751 3904; x_wconf 83' lang='lat' dir='ltr'><strong>Aurelium</strong></span> <span class='ocrx_word' id='word_1_430' title='bbox 758 3846 1105 3916; x_wconf 78' lang='lat' dir='ltr'><strong>praestolarentnrarmati</strong></span> <span class='ocrx_word' id='word_1_431' title='bbox 1123 3874 1155 3885; x_wconf 85' lang='lat'><em>-</em></span> <span class='ocrx_word' id='word_1_432' title='bbox 1175 3845 1198 3913; x_wconf 67' lang='grc' dir='ltr'><strong>ξ.</strong></span> <span class='ocrx_word' id='word_1_433' title='bbox 1209 3839 1256 3899; x_wconf 74' lang='lat' dir='ltr'><strong>tt,</strong></span> <span class='ocrx_word' id='word_1_434' title='bbox 1272 3847 1339 3900; x_wconf 73' lang='lat' dir='ltr'><strong>neque</strong></span> 
     </span>
     <span class='ocr_line' id='line_1_50' title="bbox 370 3911 1339 3988; baseline -0.002 -20"><span class='ocrx_word' id='word_1_435' title='bbox 370 3921 395 3980; x_wconf 81' lang='lat' dir='ltr'><strong>e)</strong></span> <span class='ocrx_word' id='word_1_436' title='bbox 415 3937 447 3971; x_wconf 82' lang='lat' dir='ltr'><strong>ex</strong></span> <span class='ocrx_word' id='word_1_437' title='bbox 465 3917 516 3970; x_wconf 86' lang='lat' dir='ltr'><strong>hac</strong></span> <span class='ocrx_word' id='word_1_438' title='bbox 535 3938 567 3970; x_wconf 89' lang='lat' dir='ltr'><strong>re</strong></span> <span class='ocrx_word' id='word_1_439' title='bbox 587 3918 729 3977; x_wconf 86' lang='lat' dir='ltr'><strong>dolorem,</strong></span> <span class='ocrx_word' id='word_1_440' title='bbox 756 3920 805 3970; x_wconf 89' lang='lat' dir='ltr'><strong>scd</strong></span> <span class='ocrx_word' id='word_1_441' title='bbox 832 3920 966 3988; x_wconf 73' lang='lat' dir='ltr'><strong>qualidum</strong></span> <span class='ocrx_word' id='word_1_442' title='bbox 984 3915 1179 3968; x_wconf 83' lang='lat' dir='ltr'><strong>incredibilem</strong></span> <span class='ocrx_word' id='word_1_443' title='bbox 1196 3911 1339 3978; x_wconf 66' lang='lat' dir='ltr'><strong>volupifliffl</strong></span> 
     </span>
     <span class='ocr_line' id='line_1_51' title="bbox 336 3985 1299 4059; baseline 0 -21"><span class='ocrx_word' id='word_1_444' title='bbox 336 3995 522 4058; x_wconf 79' lang='lat' dir='ltr'><strong>percepturus</strong></span> <span class='ocrx_word' id='word_1_445' title='bbox 542 3991 577 4040; x_wconf 88' lang='lat' dir='ltr'><strong>sit</strong></span> <span class='ocrx_word' id='word_1_446' title='bbox 598 4017 629 4026; x_wconf 93' lang='lat'>-</span> <span class='ocrx_word' id='word_1_447' title='bbox 649 3989 672 4056; x_wconf 86' lang='lat'><strong>§</strong></span> <span class='ocrx_word' id='word_1_448' title='bbox 693 3987 740 4040; x_wconf 70' lang='lat'><strong>20.</strong></span> <span class='ocrx_word' id='word_1_449' title='bbox 805 4043 809 4048; x_wconf 65' lang='grc'><em>,</em></span> <span class='ocrx_word' id='word_1_450' title='bbox 907 3985 911 3992; x_wconf 77' lang='grc'>’</span> <span class='ocrx_word' id='word_1_451' title='bbox 1294 4047 1299 4059; x_wconf 40' lang='grc' dir='ltr'>Ι</span> 
     </span>
     <span class='ocr_line' id='line_1_52' title="bbox 269 4055 1338 4130; baseline -0.007 -17"><span class='ocrx_word' id='word_1_452' title='bbox 269 4057 339 4113; x_wconf 82' lang='lat' dir='ltr'><strong>Tum</strong></span> <span class='ocrx_word' id='word_1_453' title='bbox 351 4061 476 4112; x_wconf 90' lang='lat' dir='ltr'><strong>oratione</strong></span> <span class='ocrx_word' id='word_1_454' title='bbox 493 4061 528 4110; x_wconf 75' lang='lat' dir='ltr'><strong>asi</strong></span> <span class='ocrx_word' id='word_1_455' title='bbox 543 4067 639 4130; x_wconf 84' lang='lat' dir='ltr'><strong>patres</strong></span> <span class='ocrx_word' id='word_1_456' title='bbox 653 4077 795 4118; x_wconf 81' lang='lat' dir='ltr'><strong>conversa,</strong></span> <span class='ocrx_word' id='word_1_457' title='bbox 807 4077 901 4128; x_wconf 89' lang='lat' dir='ltr'><strong>prope</strong></span> <span class='ocrx_word' id='word_1_458' title='bbox 916 4057 1019 4129; x_wconf 84' lang='lat' dir='ltr'><strong>justam</strong></span> <span class='ocrx_word' id='word_1_459' title='bbox 1035 4058 1143 4126; x_wconf 84' lang='lat' dir='ltr'><strong>patriae</strong></span> <span class='ocrx_word' id='word_1_460' title='bbox 1160 4055 1338 4124; x_wconf 63' lang='lat' dir='ltr'><strong>quartanum·</strong></span> 
     </span>
     <span class='ocr_line' id='line_1_53' title="bbox 339 4123 1337 4198; baseline -0.007 -19"><span class='ocrx_word' id='word_1_461' title='bbox 339 4131 414 4198; x_wconf 85' lang='lat' dir='ltr'><strong>quod</strong></span> <span class='ocrx_word' id='word_1_462' title='bbox 433 4131 528 4182; x_wconf 89' lang='lat' dir='ltr'><strong>ducem</strong></span> <span class='ocrx_word' id='word_1_463' title='bbox 548 4131 618 4181; x_wconf 88' lang='lat' dir='ltr'><strong>belli</strong></span> <span class='ocrx_word' id='word_1_464' title='bbox 637 4129 760 4182; x_wconf 84' lang='lat' dir='ltr'><strong>futurum</strong></span> <span class='ocrx_word' id='word_1_465' title='bbox 779 4135 807 4182; x_wconf 89' lang='lat' dir='ltr'><strong>et</strong></span> <span class='ocrx_word' id='word_1_466' title='bbox 824 4130 978 4198; x_wconf 85' lang='lat' dir='ltr'><strong>principem</strong></span> <span class='ocrx_word' id='word_1_467' title='bbox 999 4129 1195 4198; x_wconf 83' lang='lat' dir='ltr'><strong>conjurationis</strong></span> <span class='ocrx_word' id='word_1_468' title='bbox 1220 4123 1287 4175; x_wconf 81' lang='lat' dir='ltr'><strong>exire&#39;</strong></span> <span class='ocrx_word' id='word_1_469' title='bbox 1305 4129 1337 4182; x_wconf 76' lang='lat'><strong>1³⁸·</strong></span> 
     </span>
     <span class='ocr_line' id='line_1_54' title="bbox 338 4199 1337 4268; baseline -0.008 -15"><span class='ocrx_word' id='word_1_470' title='bbox 338 4203 435 4262; x_wconf 86' lang='lat' dir='ltr'><strong>tiatur,</strong></span> <span class='ocrx_word' id='word_1_471' title='bbox 456 4201 655 4268; x_wconf 85' lang='lat' dir='ltr'><strong>deprecaturus</strong></span> <span class='ocrx_word' id='word_1_472' title='bbox 669 4203 803 4252; x_wconf 89' lang='lat' dir='ltr'><strong>rationem</strong></span> <span class='ocrx_word' id='word_1_473' title='bbox 817 4201 885 4251; x_wconf 84' lang='lat' dir='ltr'><strong>faeti</strong></span> <span class='ocrx_word' id='word_1_474' title='bbox 900 4201 942 4250; x_wconf 87' lang='lat' dir='ltr'><strong>sui</strong></span> <span class='ocrx_word' id='word_1_475' title='bbox 957 4200 1057 4254; x_wconf 74' lang='lat' dir='ltr'><strong>reddit,</strong></span> <span class='ocrx_word' id='word_1_476' title='bbox 1067 4200 1198 4258; x_wconf 77' lang='lat' dir='ltr'><strong>dicendo:</strong></span> <span class='ocrx_word' id='word_1_477' title='bbox 1216 4213 1245 4248; x_wconf 83' lang='lat' dir='ltr'><strong>se</strong></span> <span class='ocrx_word' id='word_1_478' title='bbox 1261 4199 1337 4252; x_wconf 62' lang='lat' dir='ltr'><strong>actm·</strong></span> 
     </span>
     <span class='ocr_line' id='line_1_55' title="bbox 339 4256 1336 4346; baseline -0.008 -25"><span class='ocrx_word' id='word_1_479' title='bbox 339 4289 418 4338; x_wconf 70' lang='lat' dir='ltr'><strong>quam</strong></span> <span class='ocrx_word' id='word_1_480' title='bbox 437 4278 511 4322; x_wconf 89' lang='lat' dir='ltr'><strong>metu</strong></span> <span class='ocrx_word' id='word_1_481' title='bbox 529 4271 648 4344; x_wconf 75' lang='lat' dir='ltr'><strong>invidiae</strong></span> <span class='ocrx_word' id='word_1_482' title='bbox 667 4272 824 4324; x_wconf 84' lang='lat' dir='ltr'><strong>illum&#39;non.</strong></span> <span class='ocrx_word' id='word_1_483' title='bbox 836 4272 1028 4328; x_wconf 79' lang='lat' dir='ltr'><strong>interfecisse,</strong></span> <span class='ocrx_word' id='word_1_484' title='bbox 1057 4271 1107 4321; x_wconf 87' lang='lat' dir='ltr'><strong>sed</strong></span> <span class='ocrx_word' id='word_1_485' title='bbox 1126 4270 1198 4340; x_wconf 85' lang='lat' dir='ltr'><strong>qnod</strong></span> <span class='ocrx_word' id='word_1_486' title='bbox 1214 4256 1336 4346; x_wconf 42' lang='lat' dir='ltr'><strong>intellig&amp;</strong></span> 
     </span>
     <span class='ocr_line' id='line_1_56' title="bbox 338 4337 1335 4412; baseline -0.007 -19"><span class='ocrx_word' id='word_1_487' title='bbox 338 4341 462 4393; x_wconf 87' lang='lat' dir='ltr'><strong>Catilina</strong></span> <span class='ocrx_word' id='word_1_488' title='bbox 478 4342 516 4404; x_wconf 79' lang='lat' dir='ltr'><strong>in.</strong></span> <span class='ocrx_word' id='word_1_489' title='bbox 528 4349 620 4408; x_wconf 69' lang='lat' dir='ltr'><strong>castra</strong></span> <span class='ocrx_word' id='word_1_490' title='bbox 637 4343 778 4393; x_wconf 82' lang='lat' dir='ltr'><strong>Manliana</strong></span> <span class='ocrx_word' id='word_1_491' title='bbox 794 4343 942 4412; x_wconf 82' lang='lat' dir='ltr'><strong>proiecto,</strong></span> <span class='ocrx_word' id='word_1_492' title='bbox 976 4341 1117 4402; x_wconf 80' lang='lat' dir='ltr'><strong>omnihus,</strong></span> <span class='ocrx_word' id='word_1_493' title='bbox 1152 4337 1335 4406; x_wconf 59' lang='lat' dir='ltr'><strong>conjuratorem</strong></span> 
     </span>
     <span class='ocr_line' id='line_1_57' title="bbox 340 4397 1334 4494; baseline 0 -30"><span class='ocrx_word' id='word_1_494' title='bbox 340 4429 398 4465; x_wconf 74' lang='lat' dir='ltr'><strong>use</strong></span> <span class='ocrx_word' id='word_1_495' title='bbox 423 4414 543 4472; x_wconf 79' lang='lat' dir='ltr'><strong>iactam,</strong></span> <span class='ocrx_word' id='word_1_496' title='bbox 570 4413 710 4464; x_wconf 75' lang='lat' dir='ltr'><strong>intendunt</strong></span> <span class='ocrx_word' id='word_1_497' title='bbox 736 4432 815 4478; x_wconf 67' lang='lat' dir='ltr'><strong>esee,</strong></span> <span class='ocrx_word' id='word_1_498' title='bbox 842 4412 895 4468; x_wconf 85' lang='lat' dir='ltr'><strong>illa</strong></span> <span class='ocrx_word' id='word_1_499' title='bbox 920 4418 1011 4466; x_wconf 77' lang='lat' dir='ltr'><strong>autem</strong></span> <span class='ocrx_word' id='word_1_500' title='bbox 1029 4415 1086 4464; x_wconf 75' lang='lat' dir='ltr'><strong>&#39;uno</strong></span> <span class='ocrx_word' id='word_1_501' title='bbox 1105 4411 1263 4494; x_wconf 61' lang='lat' dir='ltr'><strong>interfecto·</strong></span> <span class='ocrx_word' id='word_1_502' title='bbox 1285 4397 1334 4450; x_wconf 60' lang='grc' dir='ltr'><strong>ω’</strong></span> 
     </span>
    </p>
   </div>
   <div class='ocr_carea' id='block_1_3' title="bbox 0 0 1413 5028">
    <p class='ocr_par' dir='ltr' id='par_1_3' title="bbox 0 0 1413 5028">
     <span class='ocr_line' id='line_1_58' title="bbox 0 0 1413 5028; baseline 0 0"><span class='ocrx_word' id='word_1_503' title='bbox 0 0 1413 5028; x_wconf 95' lang='lat' dir='ltr'><strong> </strong></span> 
     </span>
    </p>
   </div>
  </div>
 </body>
</html>
