2854 5024
274 361 330 439 ω
657 354 990 413 enarro

273 547 342 591 nox
363 533 465 601 essct,
486 527 533 588 ita
554 524 694 588 ruebant
714 526 750 586 in
771 525 930 612 tenebris,
952 527 1124 614 omniaque
1145 523 1362 589 miscebant·

274 613 393 698 quibus
415 611 535 685 miror,
569 633 611 670 ne
642 611 732 695 quod
752 611 947 673 iudiciorum
969 619 1059 671 esset
1081 612 1275 691 vestigium,
1308 635 1362 672 non

274 695 433 757 subsellia
465 716 593 778 quoqpe
626 716 699 755 esse
729 695 905 756 combusta.
941 717 1013 754 nam
1043 702 1076 754 ct
1104 705 1310 756 accusatores
1336 705 1363 756 et

272 780 399 840 iudices
423 778 639 838 sustulerunt.
683 777 758 837 IIoc
780 777 940 838 commodi
960 788 1023 850 est,
1046 778 1135 860 quod
1151 778 1197 837 ita
1213 779 1362 851 vixerunt,

273 872 308 924 ut
341 870 445 924 testes
475 882 608 935 omnes,
643 861 671 921 si
700 869 878 941 cuperent,
911 863 1103 922 'interficere
1133 881 1200 921 non
1230 872 1362 944 possent.

270 946 477 1020 nam','dum
510 943 678 1005 homiuum
700 967 800 1025 genus
827 945 908 1018 erit,
948 945 1004 1028 qui
1034 953 1166 1005 accuset
1196 967 1276 1022 cos,
1307 967 1361 1004 non

269 1030 394 1092 deerit:
426 1029 501 1088 duim
524 1028 640 1089 civitas
663 1028 746 1102 erit,
769 1028 1002 1088 iudicia'fient.
1045 1028 1190 1101 Verum,
1223 1029 1362 1109 utvcoepi

271 1112 413 1186 dicere,
429 1122 462 1172 et
485 1112 648 1186 Erucius,
670 1111 751 1172 baec
775 1112 803 1171 si
824 1111 961 1173 haberet
983 1112 1018 1171 in
1041 1132 1161 1182 causa,
1185 1133 1268 1195 quae
1290 1135 1361 1172 ccm-

269 1194 457 1267 memoravi,
478 1204 593 1276 posset
615 1189 820 1278 ea'quamvis
844 1194 900 1254 diu
923 1196 1055 1268 dicere,
1083 1202 1116 1254 et
1139 1215 1213 1274 ego,
1234 1197 1360 1266 iudices,

268 1301 421 1364 possum:
446 1279 504 1338 scd
526 1279 562 1339 in
583 1280 687 1339 animo
712 1285 782 1351 est,
806 1280 1073 1362 quemadmodum
1095 1286 1170 1338 ante
1193 1280 1276 1352 dixi,
1295 1279 1361 1338 levi·

268 1373 321 1425 ter
341 1362 504 1434 transire,
543 1384 580 1422 ac
611 1362 832 1423 tantummodo
864 1361 1086 1443 perstringere
1116 1381 1359 1445 unamquamque

269 1467 357 1518 rem3
387 1453 424 1505 ut
446 1466 557 1506 omnes
579 1445 784 1525 intelligant,
817 1449 866 1507 me
888 1467 955 1506 non
977 1448 1088 1508 studio
1112 1465 1292 1518 accusare,
1312 1445 1358 1504 scd

267 1529 375 1592 officio
394 1528 582 1589 defendere.
1208 1584 1212 1588 ,

216 1623 260 1679 92
333 1612 410 1672 Gar.
435 1612 603 1672 XXXIII.
646 1611 754 1673 Video
783 1612 901 1691 igitur,
935 1634 1049 1672 causas
1080 1633 1152 1672 esse
1175 1611 1356 1692 permultas,

269 1717 351 1778 quae
374 1695 474 1756 istum
494 1695 714 1774 impellerent.
756 1696 931 1756 Videamus
963 1717 1066 1766 nunc,
1101 1717 1203 1778 ecqua
1233 1694 1354 1754 facultas

269 1778 472 1860 suscipiendi
493 1779 644 1838 maleficii
667 1778 776 1838 fuerit.
809 1780 872 1838 Ubi
895 1780 1026 1840 occisus
1042 1788 1093 1838 cst
1110 1780 1186 1838 Sex.
1205 1775 1353 1840 Roscius?

266 1861 399 1922 Romae.
444 1861 533 1937 Quid
555 1869 612 1936 tu,
635 1862 764 1922 Rosci?
797 1862 854 1921 ubi
875 1871 953 1922 tunc
977 1862 1072 1942 cras?
1105 1863 1239 1930 Romae.
1263 1881 1350 1920 verua

268 1944 348 2028 quid
371 1945 528 2005 adrem?
558 1954 591 2007 et
615 1945 671 2004 alii
693 1945 796 2006 multi.
841 1945 944 2020 Quasi
958 1968 1051 2024 'nunc
1073 1943 1109 2004 id
1131 1939 1267 2024 agatur,
1298 1941 1349 2025 quit

251 2050 309 2102 ,ex
341 2036 432 2090 tanta
462 2028 671 2088 multitudine
702 2029 882 2101 occiderit,
924 2051 961 2088 ac
990 2049 1056 2088 non
1083 2029 1145 2089 hoc
1175 2037 1351 2112 quaeratur,

268 2133 358 2185 eum,
383 2112 439 2195 qui
460 2113 580 2172 Romae
605 2113 649 2171 sit
672 2113 815 2184 occisus,
836 2120 943 2172 utrum
964 2112 1174 2188 uerisimilius
1201 2113 1246 2173 sit
1269 2112 1306 2171 ab
1325 2127 1350 2165 οὓ

266 2217 340 2255 esse
364 2195 529 2268 occisum,
552 2196 607 2277 qui
630 2195 781 2254 assiduus
805 2219 843 2256 co
866 2204 1010 2276 tempore
1034 2196 1154 2256 Itomae
1177 2197 1296 2255 fuerit:
1325 2211 1347 2248 at

267 2279 307 2338 ab
331 2301 393 2352 eo,
421 2278 493 2359 ⁴qui
520 2278 629 2337 multia
661 2278 753 2337 annis
776 2279 908 2340 Romam
939 2279 1068 2340 omnino
1091 2301 1157 2348 non
1180 2274 1349 2339 accesserit

216 2361 350 2440 qquc,
371 2367 458 2420 nunc
482 2370 627 2420 caeteras
645 2361 820 2422 facultates
840 2386 968 2446 quoque
990 2362 1246 2423 consideremus.
1290 2359 1351 2418 Erat

265 2451 334 2503 tum
355 2443 529 2505 multitudo
554 2445 754 2516 sicariorum,
777 2447 812 2505 id
829 2448 917 2528 quod
934 2447 1193 2508 commemoravit
1216 2443 1350 2507 Erucius

144 2559 145 2568 κ
214 2552 217 2558 ·
267 2533 301 2587 et
332 2527 479 2588 homiues
509 2529 639 2608 impune
674 2529 918 2592 occidebantur.
970 2531 1085 2606 Quid?
1118 2551 1165 2610 ¹ca
1192 2521 1349 2590 multituda

181 2669 185 2684 ,
266 2609 349 2693 quae
372 2610 466 2670 erat?
499 2605 634 2692 opiuoi,
658 2621 713 2672 aut
735 2635 867 2686 eorum,
901 2613 956 2696 qui
978 2614 1013 2672 in
1035 2614 1130 2673 bonis
1154 2621 1249 2673 erant
1271 2627 1349 2670 occu·

264 2694 356 2773 pati3
397 2701 451 2753 aut
473 2717 605 2769 eorum,
638 2696 693 2779 qui
717 2696 819 2756 abiis
844 2698 1127 2769 conducebantur,
1167 2705 1204 2759 ut
1228 2696 1349 2775 aliquem

266 2777 489 2838 occiderent*
511 2779 547 2838 Si
562 2789 625 2840 'cos
648 2788 765 2860 putas,
778 2781 843 2862 'qui
866 2781 1005 2840 alionum
1031 2781 1249 2861 appetebant:
1272 2787 1304 2836 tu
1324 2789 1348 2829 et

263 2861 299 2920 iu
322 2875 368 2921 eo'
382 2883 529 2935 numero,
552 2863 607 2945 qui
628 2866 744 2924 nostra
765 2865 905 2945 pecunia
924 2865 1014 2925 dives
1034 2887 1087 2922 es:
1110 2865 1162 2923 sin
1179 2886 1250 2936 eos,
1273 2873 1348 2941 quos,

263 2943 320 3028 qui
341 2944 465 3006 leviore
488 2947 617 3006 nomine
641 2947 821 3028 appellant,
842 2968 1054 3028 percussores
1075 2942 1210 3028 vocant:
1235 2957 1348 3030 quaere,

201 3081 218 3102 ··
261 3066 1349 3096 *ΜΝ-..κ

314 3153 436 3204 mebant.
473 3151 568 3204 Ruere
584 3161 626 3206 est
641 3153 668 3205 lu.
689 3155 707 3204 Ι.
726 3171 809 3205 cocco
825 3155 929 3222 impetu
947 3155 1024 3206 ferri.
1061 3153 1202 3204 PbiIIII
1224 3153 1273 3204 12:
1304 3143 1347 3194 ΝΜ

260 3223 339 3273 ram
355 3224 475 3282 sternens,
503 3243 549 3274 aec
565 3223 656 3292 farere
671 3225 779 3276 desiuit.
814 3227 877 3278 Att.
895 3226 926 3274 II
945 3226 998 3277 ld:
1035 3225 1115 3274 Nihil
1133 3226 1265 3294 estjam,
1291 3208 1347 3292 qrrnd

261 3295 347 3362 atrapis
364 3291 504 3344 tiraeaclant
524 3297 577 3353 sit,
605 3314 684 3362 quarn
700 3313 732 3344 ac
748 3297 795 3346 ilie
811 3315 889 3346 riter-e
912 3297 1039 3363 incipiat,
1058 3295 1084 3345 Ir.
1101 3316 1124 3345 e.
1147 3315 1180 3344 ae
1197 3293 1265 3346 oriani
1281 3287 1352 3365 anittft·

261 3366 359 3432 impeta
376 3364 465 3418 dolori
481 3373 508 3415 ct
524 3367 681 3416 iracundiae
691 3374 811 3434 parcat3¹
834 3368 931 3436 quibus
947 3368 1040 3419 verbis
1057 3369 1130 3416 idem
1148 3367 1182 3416 de
1202 3366 1294 3417 eodem
1306 3361 1345 3406 1¹1¹·

259 3442 307 3486 tur
324 3435 352 3484 in
371 3454 414 3502 ep.
435 3435 484 3486 2I.
520 3454 547 3488 v.
563 3457 590 3506 p.
607 3438 669 3488 Mil.
687 3436 715 3488 9.
735 3439 758 3504 3.
775 3436 824 3487 25.
922 3491 923 3496 ,

312 3505 458 3556 XXXIII.
497 3507 519 3574 ξ.
539 3505 588 3558 92.
624 3507 781 3558 Facultates
804 3514 884 3567 sunt,
905 3514 960 3557 aut
980 3507 1077 3574 quibus
1101 3505 1212 3558 facilius
1236 3505 1282 3561 fit.
1310 3495 1345 3544 Μ*

260 3577 318 3628 sinc
335 3579 433 3643 quibus
451 3577 557 3646 aliquid
574 3579 671 3629 confici
687 3596 741 3629 non
756 3579 857 3647 pot'est.
877 3607 909 3616 —
948 3579 1028 3628 Scire
1046 3577 1176 3628 debemus
1196 3579 1274 3628 etiam
1292 3575 1344 3616 ΜΠ·

259 3663 311 3716 pus
334 3652 362 3697 et
384 3648 475 3698 locum
499 3677 530 3688 -
554 3650 701 3715 facultates
718 3668 776 3700 esse
793 3667 882 3718 posse.
919 3649 965 3700 Ita
983 3649 1044 3700 Cic.
1062 3651 1090 3698 in
1107 3649 1260 3698 Rosciana:
1295 3635 1344 3687 Νοῐι

259 3717 369 3786 potuit,
394 3718 501 3786 inquit,
530 3719 659 3770 occidere
675 3727 780 3789 patrem
799 3721 833 3772 R.
849 3722 976 3788 quoniam
996 3721 1095 3770 absens
1119 3721 1188 3780 fuit3
1218 3718 1260 3768 hic
1278 3711 1343 3782 αἰδῇ·

258 3789 579 3841 mentumaloeofecit.
615 3791 687 3841 Mar.
702 3791 779 3843 Viot.
798 3809 821 3842 c.
835 3791 883 3842 78.
973 3845 976 3852 .
1338 3837 1343 3850 .

221 3877 224 3886 ·
313 3859 336 3925 ᾗ.
355 3855 404 3908 95.
439 3878 471 3910 ac
493 3878 564 3922 aaa,
592 3862 731 3930 particula
755 3863 930 3930 corrigentis.
967 3861 1053 3912 Verr.
1069 3861 1120 3910 ΠΙ
1144 3857 1185 3910 4⁷
1209 3862 1288 3910 exte:
1318 3837 1343 3890 s‘

259 3928 364 3993 quidem
380 3927 518 3990 decumae,
538 3927 638 3982 ac'aen
656 3935 725 3982 bena
743 3934 869 3984 vertibant
884 3939 1030 3982 aratorem.
1067 3931 1082 3980 I
1104 3929 1158 3981 15:
1196 3924 1277 3992 Quasi
1291 3924 1341 3968 2’0'0

258 3997 289 4048 id
303 3998 450 4067 cupiditate
467 4002 647 4070 desindeadae
662 4004 813 4054 raobilitatis
832 4007 862 4044 -'-
881 4003 984 4073 fircerit,
1005 4021 1036 4052 ae
1049 4019 1101 4052 nora
1119 4001 1279 4070 apertissime
1294 3999 1341 4037 ctt‘

257 4070 357 4128 salem,
387 4075 529 4124 exercitam
550 4075 711 4142 corrupilarit.
746 4094 770 4127 v.
795 4075 862 4125 ibid.
888 4074 916 4124 I.
938 4075 1009 4140 Agr.
1026 4071 1122 4122 115⁷.
1153 4073 1188 4121 nd
1205 4068 1293 4138 Quint.
1313 4055 1340 4102 ff·

257 4141 314 4192 15.
332 4159 376 4210 pr.
412 4142 535 4194 Additur
551 4148 641 4214 potius
655 4146 727 4196 Phil.
744 4146 822 4196 VIII
841 4145 876 4196 5:
914 4144 946 4195 Si
962 4145 1077 4194 homines
1094 4144 1147 4200 illi,
1167 4161 1199 4192 oe
1214 4157 1262 4191 aare
1277 4140 1339 4217 pfjff'

257 4211 308 4298 des·
316 4213 416 4351 pptiug.
433 4214 566 4334 {niglam
582 4217 632 4266 111
647 4216 696 4268 ⁷9.
724 4217 832 4268 Eodem
849 4235 930 4267 sensu
946 4216 1051 4283 legitur
1069 4221 1095 4265 et
1110 4232 1163 4263 noa
1177 4231 1205 4284 p.
1221 4209 1287 4262 Mur·
1301 4193 1338 4246 ¹³2·

257 4295 283 4333 v.
299 4301 374 4333 lura
409 4321 414 4333 .
495 4321 501 4334 .
531 4317 535 4322 -

310 4354 340 4404 in
357 4354 448 4412 bonis,
467 4355 486 4405 i.
505 4373 528 4407 c.
545 4357 592 4425 qui
606 4355 738 4407 volebant
754 4357 857 4408 alienas
876 4374 921 4406 res
938 4355 992 4407 sibi
1007 4349 1160 4407 vindicare.¹
1190 4345 1336 4412 Anonymi!-

311 4401 1336 4500 ammaapnamunuoou.mmvnaw
