2854 5024
312 361 392 416 mo
413 359 891 424 snxmosmounnnmo.
1102 369 1158 446 57

61 536 145 614 ipso,
176 539 208 592 et
227 530 253 615 ¹)
277 530 374 595 enimi
395 530 459 591 mci
482 551 641 592 sensuro
664 528 801 606 dolore,
830 535 1018 615 pronuntio.
1063 537 1157 616 Quae
1209 589 1213 612 ι

62 619 97 678 od
121 615 214 676 buius
238 615 324 694 vitoe
346 635 457 675 cusum
479 635 608 676 consum
634 635 673 676 nc
695 616 904 696 pertineant,
936 628 970 679 et
999 621 1078 704 quid
1100 622 1157 685 bic

60 705 113 782 pro
134 720 167 760 se
191 699 259 760 dici
281 699 380 771 velit,
405 705 438 757 et
461 719 524 782 qne
545 639 736 759 conditione
760 707 934 765 contentus
958 703 1013 778 sit,
1035 705 1100 768 iem
1120 706 1157 768 in

61 793 193 844 extrema
216 782 363 844 oratione
385 788 522 854 nostru,
552 782 701 855 indices,
736 783 888 846 audictis.

117 866 191 928 Cir.
215 865 319 926 XLV.
361 865 433 944 Ego
457 863 538 924 brec
561 887 580 925 e
600 864 837 948 Chrysogono,
859 889 930 930 mon
951 877 1082 949 sponte,
1103 861 1225 932 ιιι-150

61 957 140 1010 moto
168 951 245 1010 Sex.
267 948 412 1025 Roscio,
435 969 573 1030 quaero:
613 949 769 1029 primum,
801 974 899 1047 qnare
930 952 1012 1013 'civis
1042 955 1158 1036 optimi

62 1033 139 1093 bono
178 1032 362 1094 venierint:
406 1030 550 1105 deinde,
593 1053 693 1113 qnare
732 1029 873 1109 bominis
914 1037 1008 1109 cius,
1053 1039 1110 1121 qni
1129 1039 1159 1122 ²)

62 1137 157 1198 neque
181 1116 268 1198 opud
291 1114 497 1176 adversarios
522 1115 652 1177 occisus
677 1124 748 1188 est,
770 1117 857 1178 boue
878 1119 1065 1195 venierint,
1087 1144 1160 1182 cum

62 1200 165 1260 ineos
190 1199 280 1260 solos
303 1199 358 1260 lex
379 1198 503 1280 scripta
526 1201 589 1258 sit:
613 1195 747 1270 deinde,
771 1223 869 1282 quere
894 1201 1061 1285 aliquanto
1083 1213 1183 1286 postx
1208 1262 1210 1270 ,
1265 1199 1266 1204 ’

65 1305 126 1342 eom
156 1283 243 1344 diem
275 1282 463 1355 venierint,
504 1303 586 1364 qnae
620 1282 692 1342 dies
722 1282 758 1342 in
788 1283 862 1364 lege
893 1287 1066 1366 praefinita
1088 1294 1159 1350 ests

66 1367 195 1441 deinde,
228 1388 287 1428 cur
306 1366 436 1428 tantulo
457 1365 633 1426 venierint.
677 1365 769 1442 Quae
793 1367 900 1428 omnia
922 1369 973 1444 si,
1007 1372 1162 1454 quemad·

65 1451 181 1512 modum
205 1449 315 1511 solent
336 1448 451 1510 liberti
471 1470 609 1532 nequem
631 1441 664 1508 et
685 1450 825 1529 improbi
846 1452 968 1527 secere,
994 1453 1030 1513 in
1050 1463 1163 1536 putro-

66 1556 132 1594 nnm
152 1556 242 1595 snum
265 1532 406 1595 voluerit
428 1534 597 1604 conferre}
621 1531 705 1591 nibil
723 1534 837 1613 egerit.
872 1535 975 1596 Nemo
994 1547 1045 1615 est
1064 1539 1161 1615 enirn,

67 1618 116 1700 qni
136 1619 280 1690 nesciat,
313 1624 449 1698 propter
479 1615 735 1695 magnitudinem
762 1639 869 1678 rernm
897 1619 998 1682 multu
1020 1622 1161 1697 multos,

1062 1737 1164 1752 m

119 1775 145 1842 i)
163 1794 194 1826 ex
212 1775 301 1826 animi.
339 1774 370 1842 9)
388 1792 476 1842 neque
495 1774 687 1844 proscriptus,
707 1791 795 1844 neque
815 1777 898 1846 apud.
957 1771 960 1778 ’

120 1935 142 2002 ᾗ.
160 1933 225 1986 129.
259 1941 285 1984 et
303 1934 395 1984 enimi.
431 1929 512 1985 Hono
528 1950 608 1984 vomn.
634 1931 716 1984 Porr.
737 1931 811 1985 02¹.
839 1936 882 1986 ed.
906 1936 987 1988 Rom.
1014 1937 1163 1994 lectionem

75 2011 158 2055 tuetur
173 2007 230 2074 ipse
249 2003 352 2057 Cicero
371 2005 400 2054 iu
418 2003 503 2056 Ver-r.
522 2003 538 2052 1
557 2002 630 2056 2⁷2.
653 1999 718 2054 Cum
746 2005 774 2054 in
800 2023 858 2055 eam
883 2009 1015 2059 rationem
1037 2029 1088 2079 pro
1113 2031 1162 2062 sno

75 2078 265 2143 qnisqnesensn
284 2095 315 2126 ae
334 2075 427 2125 dolore
447 2073 607 2141 loqueretur.
645 2073 796 2142 Vulgutnm
813 2095 848 2126 ex
866 2079 949 2128 anirni
966 2088 1086 2151 propter
1107 2084 1162 2134 elc-

71 2149 177 2213 gantiam
195 2149 345 2198 locutionis
363 2145 471 2215 probet
485 2145 663 2214 Garatonins.

115 2227 228 2270 eatrm
246 2221 388 2275 oratione,
407 2218 426 2268 i.
446 2225 469 2268 e.
490 2223 612 2268 extrema
630 2214 766 2266 orationis
784 2222 875 2284 purte.
914 2217 995 2270 0rrt.
1015 2219 1039 2271 1.
1060 2221 1083 2288 fi.
1103 2219 1162 2273 dir

68 2288 139 2350 Quod
161 2293 187 2340 in
213 2297 334 2340 extrema
358 2289 479 2338 oratione
498 2288 576 2354 qnasi
597 2295 641 2336 tno
652 2287 719 2356 jure
737 2289 863 2338 sumsisti.
902 2289 1100 2342 Verr.1562
1134 2295 1165 2342 ιἰι

64 2360 154 2414 codicis
172 2369 294 2412 extrerna
314 2377 390 2416 cera,
410 2359 484 2425 qnod
498 2358 637 2410 Asconius
653 2357 789 2425 explicat:
816 2359 912 2409 ultima
937 2369 1017 2429 parte
1044 2362 1163 2415 tabulae.

63 2431 108 2482 Sic
126 2434 215 2502 prima
233 2430 339 2499 fabula,
355 2437 490 2500 postrema
509 2428 661 2486 comoedia,
686 2433 818 2478 extremas
837 2443 932 2482 acrius.
959 2447 985 2484 v.
1004 2433 1107 2486 Donat.
1127 2437 1163 2486 ad

63 2501 122 2552 Ter.
136 2504 214 2554 Adel
237 2501 263 2553 b.
303 2502 355 2551 rol.
375 2499 404 2551 9.

110 2573 197 2626 XLV.
215 2523 262 2642 pg.
281 2521 360 2623 Pibt).
395 2561 483 2636 neque
507 2567 579 2637 apud
605 2568 786 2634 adversarios.
838 2567 1015 2623 liotomnnno
1043 2573 1162 2625 alterum

60 2646 224 2696 membrum:
253 2661 336 2710 neque
351 2642 519 2710 proscriptus
536 2637 629 2707 sacrat
648 2641 743 2690 deesse
762 2640 849 2690 visum
869 2648 918 2692 est.
957 2641 1094 2712 Equidem
1113 2644 1162 2696 has

59 2731 135 2766 voces
154 2715 288 2767 excidere
307 2715 430 2782 potuisse
445 2703 500 2761 nod
512 2712 670 2778 negaverim
689 2710 727 2778 [v.
743 2711 766 2778 ξ.
782 2703 841 2759 12ss
859 2717 887 2761 ct
901 2719 957 2764 not.
974 2716 1009 2764 ad
1026 2716 1049 2783 §.
1070 2716 1161 2784 120];

60 2793 163 2838 etcum
182 2786 315 2856 pluribus
335 2787 363 2834 in
381 2783 452 2844 locis
471 2783 546 2832 Fam.
566 2781 647 2840 114,
666 2799 693 2848 p.
714 2782 822 2831 Scauro
841 2780 940 2850 fragm.
961 2784 980 2834 n
1000 2793 1028 2836 et
1047 2785 1076 2845 7,
1097 2785 1161 2837 cat.
1218 2803 1222 2814 ¹

59 2857 90 2908 R.
106 2859 140 2909 R.
161 2857 233 2910 Ml.
253 2859 276 2924 ξ.
295 2855 326 2906 li.
345 2861 380 2911 τὸ
401 2871 484 2920 neque
504 2853 588 2930 semel
606 2854 726 2920 positum
745 2852 872 2917 legatur,
899 2854 983 2922 idque
1002 2857 1107 2908 Ascon.
1126 2859 1163 2907 ud

58 2928 91 2979 tr.
109 2929 136 2980 7.
155 2948 182 2997 p.
204 2929 316 2978 Scauro
336 2925 494 2976 contirmctr
514 2923 579 2974 mibi
592 2923 679 2973 verba
694 2939 777 2988 neque
791 2924 958 2991 proscriptor
972 2927 1065 2978 invitis
1080 2927 1161 2978 codd.

59 3006 84 3049 ct
102 3002 163 3050 cdd.
182 3005 256 3052 vett.
275 2997 437 3066 recipienda
455 3013 509 3046 non
527 2995 710 3054 videbuntur,
740 2994 909 3060 praesertim
931 3013 990 3046 cum
1015 3005 1051 3054 τὸ
1079 3015 1162 3064 neqrse

58 3071 124 3138 apud
143 3071 320 3122 aduersarios
339 3076 388 3118 etc.
408 3067 498 3135 priori
516 3066 653 3116 membres
678 3064 745 3114 civis
765 3064 857 3131 optimi
875 3069 1045 3133 respondere
1064 3071 1162 3137 possit.

106 3159 174 3208 qnae
186 3141 257 3192 dico.
294 3140 437 3206 Frequens
458 3144 499 3188 est
517 3136 599 3206 hujus
616 3135 791 3203 repetitionis
809 3152 873 3185 usus
894 3139 966 3206 opud
986 3138 1162 3191 Ciceronem.

57 3213 137 3264 Verr.
165 3215 182 3264 1
215 3210 270 3262 ss:
311 3211 399 3274 Quom
425 3208 494 3258 diem
521 3209 549 3258 in
573 3209 696 3257 cantione
723 3205 864 3264 viderant,
892 3207 921 3256 in
945 3227 1002 3259 cam
1027 3210 1096 3260 diem
1114 3229 1162 3282 epo

59 3284 216 3336 incidissem.
256 3282 320 3334 niv.
342 3280 385 3332 l.
413 3279 445 3330 Si
464 3278 535 3346 qaod
553 3285 652 3346 tempus
672 3274 830 3334 accidisset,
850 3295 902 3342 qao
922 3285 1036 3349 ternpore
1056 3282 1163 3348 aliquid

57 3371 73 3404 a
90 3373 127 3406 me
146 3356 327 3421 requirerent.
364 3353 392 3401 V
409 3349 465 3402 ὅθι
499 3350 559 3400 Lex
578 3350 670 3398 statim
684 3347 856 3417 promnlpatn
875 3356 928 3406 est,
957 3354 1001 3401 eni
1027 3353 1080 3421 lepi
1106 3372 1164 3402 euro

57 3433 143 3476 uestra
161 3426 287 3497 dignitas
305 3423 471 3474 uehementer
488 3420 652 3472 adversetur.
689 3419 757 3468 Alia
772 3419 896 3487 exemplu
911 3421 993 3473 affert
1007 3423 1110 3473 Heind.
1128 3425 1164 3476 ad

59 3495 115 3548 Cic.
131 3495 203 3548 Nat.
224 3497 328 3546 Deorr.
348 3494 364 3543 I
383 3494 432 3544 5⁹.
469 3510 494 3544 v.
513 3492 598 3542 Verr.
617 3489 668 3539 ΠΙ
687 3489 736 3539 237.

104 3568 228 3618 oolwit
247 3595 278 3606 -·
299 3567 392 3635 eperit.
427 3565 570 3631 Frequens
599 3567 641 3613 est
666 3576 736 3610 usus
757 3559 846 3610 futuri
874 3563 963 3613 exacti
988 3563 1015 3611 in
1043 3570 1162 3631 utroque

57 3639 187 3691 membro.
229 3639 263 3687 de
283 3637 355 3705 Rep.
375 3636 467 3688 1912
504 3632 566 3695 Qua
584 3635 610 3683 in
630 3631 829 3701 disputatione,
849 3635 974 3698 qnoniam
992 3641 1022 3682 tn
1036 3636 1165 3703 paratior
1191 3650 1193 3654 ·

57 3727 98 3767 es,
114 3708 229 3778 siseris,
250 3737 282 3746 -
302 3709 326 3758 si
344 3707 377 3757 de
395 3726 450 3775 rep.
470 3704 535 3772 qnid
553 3705 664 3761 sentias,
686 3702 842 3770 explicares,
862 3705 939 3754 nobis
955 3712 1063 3773 pratrun
1080 3708 1163 3756 oroni-

58 3781 109 3830 bns.
147 3799 175 3833 v.
202 3780 249 3830 lv
275 3777 339 3829 ssat.
366 3777 395 3829 6.
433 3777 538 3827 Graeci
562 3775 737 3844 subjunctivo
763 3774 808 3826 vel
826 3777 981 3842 praesentis
1000 3777 1045 3826 vel
1065 3777 1162 3827 coristi

58 3857 179 3903 utuntur.
220 3849 363 3901 Demosth.
382 3849 454 3899 Phil.
475 3848 500 3916 β.
521 3845 576 3897 Ὴε
611 3849 662 3900 ἐὰν
687 3846 803 3907 ταύτην
828 3843 1007 3914 [ἀπιστίαν]
1035 3849 1170 3918 cogare„

58 3921 144 3976 οὐδὲν
166 3922 268 3978 δεινὸν
291 3925 330 3990 μὴ
347 3921 471 3984 πάθητε.
507 3917 652 3970 Invenitur
672 3922 699 3966 et
718 3915 883 3965 indicativus
902 3917 1008 3977 futuri,
1033 3919 1068 3968 ad
1085 3919 1162 3970 Fam.
1236 3955 1242 3966 .

56 3991 99 4041 xl
117 3992 154 4042 6:
176 3993 372 4062 optatissimum
389 3989 490 4058 facies,
509 3990 533 4038 si
552 3988 720 4057 exploratum
738 3984 856 4034 babebis.

107 4065 196 4114 malta
217 4064 322 4112 inultos.
359 4064 446 4112 Binne
465 4077 563 4112 voees:
581 4059 680 4128 partim
700 4057 870 4113 corsninente,
890 4057 918 4104 in
933 4055 1018 4124 Vulg.
1033 4061 1161 4110 continuo

59 4135 190 4193 additae,
221 4151 309 4201 neque
333 4134 361 4182 in
387 4133 467 4184 codd.
495 4137 523 4182 ct
546 4132 608 4182 cdd.
627 4133 694 4180 vett.
715 4129 861 4194 leguntur,
895 4143 984 4194 neque
1005 4131 1167 4180 commodae·

58 4210 127 4254 sunt.
167 4205 276 4256 Partim
301 4205 386 4254 semel
411 4203 531 4271 positum
554 4201 699 4269 reperitur
728 4195 883 4265 apud-Cio.
911 4199 938 4248 in
956 4199 1041 4250 Verr.
1060 4201 1094 4250 II
1112 4197 1171 4250 613:
1268 4213 1270 4218 ·

59 4274 146 4344 [επ.
176 4276 212 4326 11
240 4274 295 4331 1⁷,
321 4274 372 4326 42.
405 4276 434 4324 in
453 4273 530 4323 nun.
553 4271 609 4332 14,
630 4270 678 4322 56.
716 4269 808 4320 Divin.
828 4267 918 4327 119,
938 4269 987 4320 25.
1017 4271 1050 4320 de
1069 4270 1161 4320 Amic.
1244 4275 1246 4282 '

61 4345 115 4406 ib,
143 4346 207 4405 ab,
233 4348 274 4397 ite
292 4351 397 4404 tomen,
424 4351 456 4394 nt
473 4344 519 4396 vel
538 4349 617 4395 sonet
634 4360 669 4392 ex
683 4347 781 4410 porte,
809 4339 856 4389 vel
875 4339 992 4391 aiterum
1011 4337 1162 4394 membrum

58 4417 262 4475 subaudiatur,
289 4417 334 4467 vel
354 4416 461 4483 aliquid
477 4416 506 4465 in
524 4416 616 4467 altero
632 4413 756 4464 membro
777 4407 963 4482 ι’σοδύναμον
981 4413 1025 4462 sit.
1061 4411 1161 4479 ltaque
