2824 5018
325 375 327 381 ⁴
402 368 496 425 nno
523 369 557 425 ι.
581 363 798 424 nunnus.
1067 372 1147 450 491

51 541 250 603 tinereutus.
292 536 392 600 Sacra
412 538 556 610 ,interire
584 537 636 598 illi
665 536 854 600 uoluerunts
885 533 998 600 horum
1018 537 1150 620 iugenio

52 645 156 684 senes
178 622 219 682 ad
241 620 439 698 coemtiones
461 622 650 695 iaciendas,
682 621 968 682 interimendorum
989 643 1151 684 sacrorum

52 728 178 780 cause,
210 705 332 785 reperti
362 713 448 766 sunt.
490 705 530 765 in
560 703 646 765 omni
678 703 818 786 denique
840 703 909 765 iure
934 705 1023 765 civili
1046 707 1152 788 aequi·

49 797 158 851 tatem
180 786 404 870 reliquerunt,
425 788 522 848 verba
543 788 615 870 ipsa
636 794 828 847 tenuerunts
859 797 916 860 ιιι,
940 790 1015 870 qnia
1036 788 1071 847 in
1093 788 1152 848 nli·

52 872 151 932 cuius
167 869 274 942 libris,
296 870 435 951 exempli
451 891 559 942 causa,
580 869 615 928 id
633 890 749 930 nomen
760 870 963 944 invenerunt,
984 879 1151 954 putarunt,

53 975 172 1017 omues
195 953 366 1025 mulieres,
389 974 470 1036 quse
493 953 703 1014 coemtionem
725 954 890 1026 fecerent,
915 953 1010 1015 Caius
1031 954 1151 1014 noceri.

49 1065 159 1078 -u-

51 1151 142 1186 eausa
164 1133 258 1204 fecisse
282 1134 455 1185 coemtionem.
503 1131 581 1197 Quod
604 1140 643 1183 est
666 1131 738 1184 tales
770 1135 864 1200 siqua
877 1134 957 1193 uelit,
988 1149 1053 1202 quos
1071 1133 1151 1185 habet

51 1212 164 1256 tutores
183 1220 324 1272 reponere,
346 1203 469 1255 utalium
484 1207 655 1255 nanciscatur
661 1240 736 1257 .....
760 1207 926 1256 coemtionem
947 1204 1032 1275 fereit3
1055 1203 1151 1255 deiude

52 1293 76 1328 a
104 1276 307 1326 continuatore
334 1276 516 1345 remarseipata
542 1276 584 1333 ei,
617 1275 660 1325 cui
681 1275 740 1344 ipsa
764 1275 845 1334 vetit,
869 1283 895 1326 et
920 1277 954 1326 at
978 1293 1008 1326 eo
1031 1275 1151 1326 uindicta

53 1347 236 1402 manumissa,
263 1345 357 1414 incipit
379 1363 436 1395 eum
456 1345 552 1399 hahere
574 1352 702 1404 tutorem,
730 1363 747 1396 a
767 1363 817 1412 quo
840 1347 999 1397 manumissa
1022 1353 1077 1404 est,
1104 1346 1151 1412 qni

52 1421 134 1466 tutor
153 1415 310 1486 fiduciarius
333 1412 440 1467 dieitur.
476 1415 627 1468 Praeterea
645 1415 717 1466 idem
737 1413 800 1466 Gai.
827 1415 946 1484 §.15st
977 1415 1017 1476 lu
1034 1432 1151 1486 persona

52 1486 170 1542 uxoris,
197 1503 264 1552 queue
288 1486 316 1535 in
342 1503 419 1536 manu
444 1493 499 1544 est,
530 1493 635 1555 recepta
653 1492 693 1535 est
710 1487 790 1538 etiam
807 1487 903 1537 tutoris
923 1488 1010 1556 optio,
1044 1487 1062 1536 i.
1080 1504 1102 1536 e.
1120 1491 1151 1536 ιιι
1202 1477 1211 1500 ’

51 1553 142 1606 liccat
159 1557 183 1606 ei
197 1557 365 1624 permittere,
392 1573 467 1622 quem
485 1557 552 1608 uelit
576 1559 635 1628 ips'a
658 1562 770 1608 tutorem
796 1558 849 1608 siti
871 1565 963 1626 aptare
986 1557 1035 1608 hoc
1059 1552 1151 1606 modae

53 1627 151 1749 {rime
174 1627 263 1746 mispri-
280 1643 351 1678 meae
377 1627 474 1678 tutoris
505 1629 634 1697 optionem
658 1626 702 1685 do,
744 1644 772 1680 v·
798 1627 859 1680 Lir.
884 1628 1017 1680 xxxlx
1042 1625 1089 1678 19.
1111 1641 1149 1696 p.

96 1713 163 1747 ecco
223 1733 230 1746 .

113 1765 208 1816 Sucro.
245 1767 278 1816 de
295 1764 433 1834 lugan
451 1765 505 1827 19,
523 1765 581 1818 48ι
616 1763 657 1816 De
680 1766 766 1817 saeris
785 1765 850 1817 haee
871 1766 909 1817 sit
928 1784 982 1816 uua
1003 1765 1151 1822 sententia,

47 1845 89 1889 set
105 1843 292 1887 corner-uentur
307 1853 423 1906 semper,
442 1843 469 1886 ct
481 1834 601 1906 deinceps
616 1835 730 1906 familiis
743 1837 910 1906 prodantur,
935 1845 978 1894 et,
1003 1839 1076 1886 utin
1093 1836 1151 1906 lcpe

52 1909 153 1979 posui,
168 1909 365 1976 perpetrarint
382 1911 480 1958 saera?
516 1905 575 1958 Hoc
586 1908 691 1975 posite,
709 1907 774 1958 haee
789 1908 852 1978 p'ura
863 1907 1018 1978 pontificum
1034 1905 1150 1956 auetori-

59 1986 120 2028 tate
136 1984 275 2028 eensccuta
290 1985 365 2038 sunt,
390 1985 420 2027 ut
434 1989 466 2028 ne
481 1986 563 2028 morte
574 1977 782 2047 patrisfamilias
797 1995 933 2028 sacrorum
946 1978 1070 2027 memoria
1083 1975 1151 2025 ceei-

58 2049 152 2107 deret,
171 2055 197 2097 et
211 2049 245 2098 iis
259 2055 327 2098 esset
342 2047 485 2118 ιιιῇιιιιιιι,
503 2047 540 2097 ad
557 2064 621 2114 quos
639 2048 752 2118 spp'usdem
771 2054 853 2098 morte
865 2048 978 2116 peruuia
990 2047 1151 2116 perueniret.
1205 2077 1210 2082 -

59 2135 88 2172 r.
107 2135 181 2188 seqq.
201 2124 230 2169 et
247 2135 308 2202 cup.¹
325 2116 353 2171 9.
372 2135 398 2186 p.
418 2119 498 2168 domo
518 2118 563 2170 to.
602 2117 664 2170 Gai.
683 2118 716 2168 11
735 2116 776 2168 oo
799 2120 833 2170 de
857 2118 1022 2185 usucapione
1047 2133 1151 2168 sununs

66 2187 157 2250 Quare
173 2195 228 2238 tam
246 2187 364 2256 improba
378 2189 511 2256 possessio
530 2194 557 2237 et
573 2189 699 2259 usucapio
717 2203 847 2240 eorteessa‘
859 2190 911 2247 sit,
938 2187 988 2238 illa
1006 2188 1078 2238 ratio
1097 2191 1152 2242 est,

65 2258 135 2326 quod
157 2258 298 2308 voluerunt
320 2263 420 2308 ueteres
447 2260 576 2309 maturius
602 2257 762 2310 hereditates
791 2259 884 2328 adiri„
913 2266 942 2309 ιιι
968 2264 1071 2316 esseut,
1105 2255 1153 2321 qui

62 2345 142 2380 sacra
158 2327 292 2396 facerent,
317 2345 426 2395 qaorum
444 2328 501 2378 illis
520 2330 677 2398 temporibus
695 2347 794 2380 summa
812 2329 961 2380 obseruatio
979 2326 1041 2395 Ιὶιίι.
1077 2325 1152 2377 Hinc

60 2401 121 2450 siue
137 2401 223 2450 sacris
241 2397 375 2448 hereditas
392 2399 420 2448 iu
438 2399 587 2466 proverbio
607 2401 662 2451 dici
680 2399 805 2458 solebat,
828 2417 887 2450 cum
913 2399 1018 2466 aliquid
1036 2398 1152 2449 obuene-

58 2477 107 2522 ιιι
126 2469 183 2520 sine
201 2469 260 2520 ulls
277 2468 447 2519 incommode
465 2470 625 2538 appendice.
651 2484 676 2520 v.
696 2470 770 2520 Fest.
789 2470 816 2520 in
834 2487 860 2520 v.
898 2468 1043 2535 Quomodo
1063 2473 1153 2519 autern

57 2556 141 2593 senes
150 2540 185 2590 ad
198 2545 294 2591 coemt.
303 2539 355 2590 iac.
368 2540 449 2590 intem
465 2557 535 2591 saer.
553 2557 632 2591 causa
645 2541 753 2607 reperti
766 2539 828 2599 sint,
848 2541 965 2590 nondum
975 2541 1041 2592 sotis
1056 2539 1152 2608 liquet.

59 2611 215 2662 Salmasius
242 2611 277 2660 ad
303 2609 394 2660 Plaut.
421 2607 523 2660 Bacch.
553 2611 598 2660 1.v
615 2609 649 2669 9,
675 2608 714 2660 tt
744 2610 901 2668 contendit,
929 2611 1064 2678 allegatos
1094 2625 1152 2660 esse

59 2698 142 2733 senes
169 2681 341 2748 decrepitos,
369 2679 415 2747 qni
442 2679 487 2730 res
514 2680 619 2747 aliquot
646 2679 808 2732 hereditatis
835 2688 1008 2740 coemerent,
1041 2686 1068 2731 et
1092 2694 1152 2731 cum

58 2751 224 2803 uiderentur
242 2749 423 2801 hereditatem
441 2750 527 2818 ipsam
551 2752 701 2810 coemisse,
723 2751 808 2802 sacris
835 2751 915 2802 etism
939 2752 995 2801 iilis
1019 2749 1152 2803 heberen-

58 2830 110 2874 tur
130 2821 247 2888 obnoxii.
285 2820 381 2871 Simile
401 2820 466 2887 quid
483 2820 585 2873 iactum
606 2821 680 2881 esse',
708 2822 790 2873 docet
808 2820 869 2877 cie.
888 2821 921 2871 de
940 2820 1027 2888 Legg.
1046 2817 1152 2869 1121·

59 2891 173 2944 Placuit
188 2891 218 2942 P.
238 2889 383 2941 Scaeuolae
398 2891 510 2956 itemque
527 2893 637 2950 ceteris,
656 2888 877 2959 quitantumdem
894 2898 1007 2958 caperet,
1026 2895 1153 2955 quuntum

59 2979 151 3013 omnes
173 2960 296 3018 heredes,
326 2961 411 3011 saeris
427 2960 557 3031 alligari.
599 2961 694 3013 Habeo
713 2963 762 3032 jus
785 2959 956 3030 pontificium.
1001 2957 1074 3022 Quid
1101 2957 1152 3009 hue

14 3055 19 3062 ·
60 3033 177 3084 accessit
194 3049 227 3082 ex
238 3031 302 3101 jure
321 3031 418 3082 ciuili?
455 3031 616 3082 Partitiouis
640 3037 719 3101 eaput
739 3033 863 3099 scriptum
882 3036 974 3086 caute,
1002 3035 1032 3078 ut
1053 3035 1155 3078 centum

61 3103 161 3154 nummi
177 3101 375 3152 deducerentur.
411 3098 525 3152 quenta
542 3108 583 3151 est
599 3103 689 3159 ratio,
715 3117 762 3150 cur
783 3101 896 3168 pecunia
919 3116 1055 3150 sacrarum
1076 3097 1154 3148 mole·
1209 3151 1212 3161 J

60 3175 121 3223 stia
138 3166 305 3222 liheraretui.
325 3201 356 3213 -
392 3169 524 3220 Admonet
538 3169 765 3240 jurisconsultus,
792 3179 821 3220 ut
843 3171 926 3219 minus
943 3171 1049 3238 capiat,
1076 3186 1155 3235 quam

62 3243 184 3294 omnihus
208 3241 347 3292 heredibus
370 3241 546 3308 relinquntur.
586 3239 690 3310 Super,
716 3238 855 3297 dicebant,
882 3241 928 3305 qui
945 3241 1010 3306 quid
1027 3241 1153 3308 cepisset,

62 3313 208 3382 adstringi.
244 3313 349 3362 Rursus
361 3313 447 3379 sacris
460 3311 616 3363 liberantur.
653 3311 712 3361 Hoc
726 3327 788 3360 uere
805 3329 818 3360 e
834 3311 917 3360 medio
932 3317 971 3360 est
986 3311 1051 3380 ΙῘιιιιι
1070 3308 1155 3368 ciuili,

61 3392 96 3434 ιιι
112 3399 178 3450 per
196 3400 250 3434 aes
270 3389 300 3432 et
318 3382 445 3433 libram
462 3378 619 3432 heredem
637 3381 839 3432 testamenti
857 3381 1010 3439 solvant,
1028 3380 1155 3431 eteoclem

62 3455 126 3506 loeo
145 3467 187 3502 res
204 3455 255 3511 sit,
275 3453 352 3520 quasi
370 3470 402 3502 ea
417 3453 531 3522 pecunia
549 3452 639 3522 lepata
658 3469 710 3502 uon
728 3458 810 3509 esset,
828 3450 853 3500 si
870 3452 894 3500 is
912 3452 955 3500 eui
973 3450 1088 3522 lepatum
1105 3456 1154 3506 est,

62 3523 211 3592 stipulatus
227 3530 266 3572 est
282 3522 311 3573 iel
329 3524 427 3591 ipsum,
455 3523 526 3589 quod
543 3522 658 3592 lepatum
682 3530 737 3580 est,
767 3528 798 3570 ut
822 3539 854 3570 ea
876 3522 989 3591 pecunia
1013 3539 1046 3572 ex
1067 3521 1154 3588 'stipu-

63 3594 167 3645 latione
182 3593 309 3643 deheatur
326 3601 373 3644 ete.
410 3611 435 3644 r.
455 3610 513 3664 cap.
535 3591 574 3644 19
593 3599 621 3644 et
638 3590 685 3645 20.
722 3592 837 3643 Rectior
856 3597 898 3643 est
915 3592 1032 3643 tortuose
1052 3589 1155 3659 opinio,

62 3681 146 3718 senes
166 3664 358 3714 coemtionales
378 3679 436 3716 esse
462 3680 525 3722 eos,
551 3663 648 3730 quibus
666 3662 795 3714 mulieres
814 3662 882 3713 dicis
899 3663 987 3729 gratia
1005 3662 1033 3711 in
1049 3676 1156 3712 manum

63 3734 210 3792 venerint,
235 3751 333 3802 eosque
349 3735 406 3804 jem
425 3733 554 3802 alligatos
573 3751 631 3786 esse
651 3733 754 3792 saeris,
782 3750 850 3803 quae
875 3751 935 3784 cum
953 3739 1041 3783 morte
1062 3749 1155 3783 eorum

62 3805 298 3858 interimerentur.
348 3805 417 3856 Nam
445 3803 508 3855 Gai.
535 3805 602 3856 lust.
628 3804 673 3853 lv
699 3802 753 3855 ὅθι
797 3803 829 3854 Si
855 3821 889 3853 ex
916 3810 1053 3853 contractu
1080 3802 1155 3853 nohis

64 3876 202 3944 obligatus
221 3876 373 3946 ohliputaoe
391 3877 442 3932 sit,
462 3881 489 3924 ct
505 3877 592 3944 cupite
609 3872 769 3932 diminutus,
788 3873 949 3924 diminutaue
966 3872 1063 3941 fuerit,
1082 3873 1157 3923 velut

63 3943 163 3997 mulier
177 3963 227 4013 per
244 3948 424 4004 coemtionem,
449 3947 580 3996 masculus
603 3961 651 4013 per
669 3945 874 4013 adropationem,
892 3943 989 3994 desiuit
999 3944 1064 4013 jure
1081 3942 1156 3993 ciuili

64 4017 163 4068 dehere
181 4017 265 4066 realis.
300 4017 344 4069 11».
362 4016 412 4067 111
430 4013 487 4066 85:
522 4017 576 4066 lies
594 4015 775 4084 incorporales
793 4022 819 4062 et
843 4013 1010 4081 corporales,
1037 4030 1156 4081 ustaeque

65 4088 93 4138 ei
113 4085 217 4136 debitae
234 4085 309 4145 suut‘,
330 4087 406 4156 patri
429 4084 555 4157 adoptivo
573 4085 803 4137 coemtionatorioe
822 4083 1015 4150 adquiruntur,
1040 4083 1156 4151 exeeptis

65 4159 121 4214 iis,
140 4174 207 4223 quae
222 4155 271 4225 p'er
288 4176 320 4207 ca
338 4159 384 4208 itis
402 4157 598 4207 diminutionem
613 4163 732 4225 pereunt.

123 4228 288 4278 coemtionem
305 4175 432 4294 dement.
470 4228 574 4278 Tribus
592 4227 681 4277 modis
703 4224 775 4294 apud
789 4227 897 4272 veteres
913 4223 1023 4290 nuptiae
1039 4220 1154 4271 debente

65 4315 138 4356 usu,
164 4297 275 4356 farreo,
304 4299 464 4350 coemtione.
501 4298 560 4349 Usu
582 4298 611 4348 in
635 4313 739 4346 menum
768 4291 961 4352 conveniebat,
993 4308 1061 4359 qnae
1086 4305 1154 4340 anuo

67 4369 302 4437 continuounpts
321 4368 524 4438 perseverabat.
543 4396 575 4411 -
613 4367 671 4419 Sed
689 4365 741 4418 hoe
758 4371 845 4417 totum
866 4362 912 4434 jus
929 4361 1029 4431 partim
1047 4360 1155 4429 legibus
