<?xml version="1.0" encoding="UTF-8"?>
<!DOCTYPE html PUBLIC "-//W3C//DTD XHTML 1.0 Transitional//EN"
    "http://www.w3.org/TR/xhtml1/DTD/xhtml1-transitional.dtd">
<html xmlns="http://www.w3.org/1999/xhtml" xml:lang="en" lang="en">
 <head>
  <title>
</title>
<meta http-equiv="Content-Type" content="text/html;charset=utf-8" />
  <meta name='ocr-system' content='tesseract 3.04.00' />
  <meta name='ocr-capabilities' content='ocr_page ocr_carea ocr_par ocr_line ocrx_word'/>
</head>
<body>
  <div class='ocr_page' id='page_1' title='image "./mtulliiciceroni67cicegoog/mtulliiciceroni67cicegoog_0374.png"; bbox 0 0 2766 5026; ppageno 0'>
   <div class='ocr_carea' id='block_1_1' title="bbox 277 358 1228 459">
    <p class='ocr_par' dir='ltr' id='par_1_1' title="bbox 277 358 1228 459">
     <span class='ocr_line' id='line_1_1' title="bbox 277 358 1228 459; baseline -0.009 -24"><span class='ocrx_word' id='word_1_1' title='bbox 277 359 838 438; x_wconf 74' lang='lat' dir='ltr'><strong>cnonaunrousnoun.</strong></span> <span class='ocrx_word' id='word_1_2' title='bbox 920 358 922 366; x_wconf 88' lang='grc'><strong>’</strong></span> <span class='ocrx_word' id='word_1_3' title='bbox 1034 383 1120 459; x_wconf 74' lang='lat'><strong>375</strong></span> <span class='ocrx_word' id='word_1_4' title='bbox 1205 373 1228 426; x_wconf 65' lang='grc'><strong>..’</strong></span> 
     </span>
    </p>
   </div>
   <div class='ocr_carea' id='block_1_2' title="bbox 1 549 1279 1882">
    <p class='ocr_par' dir='ltr' id='par_1_2' title="bbox 2 549 1230 802">
     <span class='ocr_line' id='line_1_2' title="bbox 4 549 1230 693; baseline 0 -81"><span class='ocrx_word' id='word_1_5' title='bbox 4 553 221 638; x_wconf 66' lang='lat' dir='ltr'><strong>nimquam,</strong></span> <span class='ocrx_word' id='word_1_6' title='bbox 257 551 344 693; x_wconf 67' lang='lat' dir='ltr'><strong>pund</strong></span> <span class='ocrx_word' id='word_1_7' title='bbox 372 551 502 636; x_wconf 84' lang='lat' dir='ltr'><strong>quidem</strong></span> <span class='ocrx_word' id='word_1_8' title='bbox 532 550 590 612; x_wconf 91' lang='lat' dir='ltr'><strong>illc</strong></span> <span class='ocrx_word' id='word_1_9' title='bbox 615 549 818 627; x_wconf 84' lang='lat' dir='ltr'><strong>adamasset,</strong></span> <span class='ocrx_word' id='word_1_10' title='bbox 852 553 940 637; x_wconf 89' lang='lat' dir='ltr'><strong>quod</strong></span> <span class='ocrx_word' id='word_1_11' title='bbox 962 573 1028 614; x_wconf 83' lang='lat' dir='ltr'><strong>uon</strong></span> <span class='ocrx_word' id='word_1_12' title='bbox 1055 551 1119 612; x_wconf 87' lang='lat' dir='ltr'><strong>boc</strong></span> <span class='ocrx_word' id='word_1_13' title='bbox 1228 565 1230 572; x_wconf 64' lang='lat'><strong>⁴</strong></span> 
     </span>
     <span class='ocr_line' id='line_1_3' title="bbox 2 634 1118 717; baseline -0.004 -18"><span class='ocrx_word' id='word_1_14' title='bbox 2 660 74 699; x_wconf 74' lang='lat' dir='ltr'><strong>runo</strong></span> <span class='ocrx_word' id='word_1_15' title='bbox 114 657 222 696; x_wconf 89' lang='lat' dir='ltr'><strong>suum</strong></span> <span class='ocrx_word' id='word_1_16' title='bbox 273 657 328 694; x_wconf 91' lang='lat' dir='ltr'><strong>ore</strong></span> <span class='ocrx_word' id='word_1_17' title='bbox 362 643 503 715; x_wconf 88' lang='lat' dir='ltr'><strong>putaret.</strong></span> <span class='ocrx_word' id='word_1_18' title='bbox 568 634 733 697; x_wconf 86' lang='lat' dir='ltr'><strong>Obstabat</strong></span> <span class='ocrx_word' id='word_1_19' title='bbox 766 637 835 698; x_wconf 86' lang='lat' dir='ltr'><strong>eius</strong></span> <span class='ocrx_word' id='word_1_20' title='bbox 864 635 1118 717; x_wconf 74' lang='lat' dir='ltr'><strong>cogitationibus</strong></span> 
     </span>
     <span class='ocr_line' id='line_1_4' title="bbox 2 715 1119 802; baseline -0.004 -20"><span class='ocrx_word' id='word_1_21' title='bbox 2 743 96 794; x_wconf 82' lang='lat' dir='ltr'><strong>remo,</strong></span> <span class='ocrx_word' id='word_1_22' title='bbox 120 726 272 800; x_wconf 83' lang='lat' dir='ltr'><strong>praeter</strong></span> <span class='ocrx_word' id='word_1_23' title='bbox 285 715 452 778; x_wconf 82' lang='lat' dir='ltr'><strong>Milonem.</strong></span> <span class='ocrx_word' id='word_1_24' title='bbox 474 716 566 778; x_wconf 90' lang='lat' dir='ltr'><strong>illum</strong></span> <span class='ocrx_word' id='word_1_25' title='bbox 577 718 681 798; x_wconf 87' lang='lat' dir='ltr'><strong>ipsum</strong></span> <span class='ocrx_word' id='word_1_26' title='bbox 692 718 732 801; x_wconf 86' lang='lat'><strong>¹),</strong></span> <span class='ocrx_word' id='word_1_27' title='bbox 756 720 810 802; x_wconf 84' lang='lat' dir='ltr'><strong>qui</strong></span> <span class='ocrx_word' id='word_1_28' title='bbox 824 729 954 801; x_wconf 85' lang='lat' dir='ltr'><strong>poterat</strong></span> <span class='ocrx_word' id='word_1_29' title='bbox 976 721 1119 790; x_wconf 85' lang='lat' dir='ltr'><strong>obstare,</strong></span> 
     </span>
    </p>

    <p class='ocr_par' dir='ltr' id='par_1_3' title="bbox 1 800 1247 1050">
     <span class='ocr_line' id='line_1_5' title="bbox 1 800 1138 885; baseline -0.004 -21"><span class='ocrx_word' id='word_1_30' title='bbox 1 827 73 866; x_wconf 84' lang='lat' dir='ltr'><strong>rovo</strong></span> <span class='ocrx_word' id='word_1_31' title='bbox 109 802 240 863; x_wconf 86' lang='lat' dir='ltr'><strong>reditu</strong></span> <span class='ocrx_word' id='word_1_32' title='bbox 278 800 312 860; x_wconf 90' lang='lat' dir='ltr'><strong>iu</strong></span> <span class='ocrx_word' id='word_1_33' title='bbox 350 803 484 880; x_wconf 73' lang='lat' dir='ltr'><strong>gratiam</strong></span> <span class='ocrx_word' id='word_1_34' title='bbox 524 801 617 885; x_wconf 89' lang='lat' dir='ltr'><strong>qnasi</strong></span> <span class='ocrx_word' id='word_1_35' title='bbox 652 802 836 864; x_wconf 83' lang='lat' dir='ltr'><strong>devinctum</strong></span> <span class='ocrx_word' id='word_1_36' title='bbox 881 802 1138 864; x_wconf 77' lang='lat' dir='ltr'><strong>arbitrabntnra&#39;</strong></span> 
     </span>
     <span class='ocr_line' id='line_1_6' title="bbox 22 883 1247 966; baseline -0.001 -19"><span class='ocrx_word' id='word_1_37' title='bbox 22 885 148 947; x_wconf 85' lang='lat' dir='ltr'><strong>aesaris</strong></span> <span class='ocrx_word' id='word_1_38' title='bbox 185 883 376 966; x_wconf 82' lang='lat' dir='ltr'><strong>potentiam</strong></span> <span class='ocrx_word' id='word_1_39' title='bbox 404 906 492 944; x_wconf 86' lang='lat' dir='ltr'><strong>suem</strong></span> <span class='ocrx_word' id='word_1_40' title='bbox 522 907 594 945; x_wconf 91' lang='lat' dir='ltr'><strong>esse</strong></span> <span class='ocrx_word' id='word_1_41' title='bbox 623 885 770 946; x_wconf 86' lang='lat' dir='ltr'><strong>dicebat:</strong></span> <span class='ocrx_word' id='word_1_42' title='bbox 812 888 969 947; x_wconf 88' lang='lat' dir='ltr'><strong>bonorum</strong></span> <span class='ocrx_word' id='word_1_43' title='bbox 995 885 1117 946; x_wconf 88' lang='lat' dir='ltr'><strong>animos</strong></span> <span class='ocrx_word' id='word_1_44' title='bbox 1201 925 1204 932; x_wconf 92' lang='lat'><em>-</em></span> <span class='ocrx_word' id='word_1_45' title='bbox 1242 913 1247 922; x_wconf 78' lang='lat'><em>·</em></span> 
     </span>
     <span class='ocr_line' id='line_1_7' title="bbox 1 967 931 1050; baseline -0.001 -20"><span class='ocrx_word' id='word_1_46' title='bbox 1 975 27 1030; x_wconf 88' lang='lat' dir='ltr'><strong>&#39;u</strong></span> <span class='ocrx_word' id='word_1_47' title='bbox 44 992 116 1030; x_wconf 92' lang='lat' dir='ltr'><strong>meo</strong></span> <span class='ocrx_word' id='word_1_48' title='bbox 134 967 166 1050; x_wconf 71' lang='grc'><strong>2)</strong></span> <span class='ocrx_word' id='word_1_49' title='bbox 192 989 280 1026; x_wconf 86' lang='lat' dir='ltr'><strong>casn</strong></span> <span class='ocrx_word' id='word_1_50' title='bbox 300 975 536 1029; x_wconf 71' lang='lat' dir='ltr'><strong>contemnent:</strong></span> <span class='ocrx_word' id='word_1_51' title='bbox 579 967 662 1030; x_wconf 79' lang='lat' dir='ltr'><strong>Milo</strong></span> <span class='ocrx_word' id='word_1_52' title='bbox 684 992 765 1029; x_wconf 91' lang='lat' dir='ltr'><strong>uuus</strong></span> <span class='ocrx_word' id='word_1_53' title='bbox 786 971 931 1050; x_wconf 68' lang='lat' dir='ltr'><strong>urgebat.</strong></span> 
     </span>
    </p>

    <p class='ocr_par' dir='ltr' id='par_1_4' title="bbox 1 1039 1279 1882">
     <span class='ocr_line' id='line_1_8' title="bbox 54 1039 1279 1136; baseline -0.001 -24"><span class='ocrx_word' id='word_1_54' title='bbox 54 1055 135 1113; x_wconf 75' lang='lat' dir='ltr'><strong>Gar.</strong></span> <span class='ocrx_word' id='word_1_55' title='bbox 162 1049 347 1110; x_wconf 86' lang='lat' dir='ltr'><strong>XXXlll.</strong></span> <span class='ocrx_word' id='word_1_56' title='bbox 409 1051 475 1112; x_wconf 82' lang='lat' dir='ltr'><strong>Hic</strong></span> <span class='ocrx_word' id='word_1_57' title='bbox 501 1050 548 1136; x_wconf 78' lang='lat' dir='ltr'><strong>dii</strong></span> <span class='ocrx_word' id='word_1_58' title='bbox 569 1051 795 1122; x_wconf 84' lang='lat' dir='ltr'><strong>immortales,</strong></span> <span class='ocrx_word' id='word_1_59' title='bbox 835 1061 869 1112; x_wconf 91' lang='lat' dir='ltr'><strong>ut</strong></span> <span class='ocrx_word' id='word_1_60' title='bbox 901 1072 999 1132; x_wconf 81' lang='lat' dir='ltr'><strong>supra</strong></span> <span class='ocrx_word' id='word_1_61' title='bbox 1031 1050 1118 1134; x_wconf 64' lang='lat' dir='ltr'><strong>dixi,</strong></span> <span class='ocrx_word' id='word_1_62' title='bbox 1228 1093 1244 1102; x_wconf 83' lang='lat'>-</span> <span class='ocrx_word' id='word_1_63' title='bbox 1272 1039 1279 1066; x_wconf 77' lang='lat'><strong><em>¹</em></strong></span> 
     </span>
     <span class='ocr_line' id='line_1_9' title="bbox 1 1133 1224 1215; baseline -0.002 -18"><span class='ocrx_word' id='word_1_64' title='bbox 1 1145 133 1197; x_wconf 89' lang='lat' dir='ltr'><strong>mentem</strong></span> <span class='ocrx_word' id='word_1_65' title='bbox 153 1133 215 1194; x_wconf 89' lang='lat' dir='ltr'><strong>illi</strong></span> <span class='ocrx_word' id='word_1_66' title='bbox 241 1133 431 1212; x_wconf 69' lang='lat' dir='ltr'><strong>perditore</strong></span> <span class='ocrx_word' id='word_1_67' title='bbox 455 1133 578 1194; x_wconf 77' lang='lat' dir='ltr'><strong>furioso</strong></span> <span class='ocrx_word' id='word_1_68' title='bbox 599 1134 818 1215; x_wconf 70' lang='lat' dir='ltr'><strong>dederuw),</strong></span> <span class='ocrx_word' id='word_1_69' title='bbox 843 1144 877 1194; x_wconf 93' lang='lat' dir='ltr'><strong>nt</strong></span> <span class='ocrx_word' id='word_1_70' title='bbox 898 1135 972 1195; x_wconf 89' lang='lat' dir='ltr'><strong>hnic</strong></span> <span class='ocrx_word' id='word_1_71' title='bbox 995 1134 1119 1195; x_wconf 86' lang='lat' dir='ltr'><strong>faceret</strong></span> <span class='ocrx_word' id='word_1_72' title='bbox 1220 1181 1224 1188; x_wconf 79' lang='lat'><strong>.</strong></span> 
     </span>
     <span class='ocr_line' id='line_1_10' title="bbox 5 1217 1119 1300; baseline 0 -22"><span class='ocrx_word' id='word_1_73' title='bbox 5 1219 142 1279; x_wconf 75' lang='lat' dir='ltr'><strong>insidias.</strong></span> <span class='ocrx_word' id='word_1_74' title='bbox 203 1217 309 1276; x_wconf 81' lang='lat' dir='ltr'><strong>aliter</strong></span> <span class='ocrx_word' id='word_1_75' title='bbox 335 1219 442 1297; x_wconf 86' lang='lat' dir='ltr'><strong>perire</strong></span> <span class='ocrx_word' id='word_1_76' title='bbox 469 1217 574 1298; x_wconf 89' lang='lat' dir='ltr'><strong>pestis</strong></span> <span class='ocrx_word' id='word_1_77' title='bbox 600 1217 659 1277; x_wconf 91' lang='lat' dir='ltr'><strong>illa</strong></span> <span class='ocrx_word' id='word_1_78' title='bbox 689 1241 754 1278; x_wconf 91' lang='lat' dir='ltr'><strong>non</strong></span> <span class='ocrx_word' id='word_1_79' title='bbox 778 1217 907 1299; x_wconf 87' lang='lat' dir='ltr'><strong>potuit:</strong></span> <span class='ocrx_word' id='word_1_80' title='bbox 929 1231 1119 1300; x_wconf 84' lang='lat' dir='ltr'><strong>&#39;numquam</strong></span> 
     </span>
     <span class='ocr_line' id='line_1_11' title="bbox 7 1299 1118 1382; baseline 0.001 -22"><span class='ocrx_word' id='word_1_81' title='bbox 7 1301 90 1361; x_wconf 90' lang='lat' dir='ltr'><strong>illum</strong></span> <span class='ocrx_word' id='word_1_82' title='bbox 110 1299 321 1382; x_wconf 74' lang='lat' dir='ltr'><strong>respublica</strong></span> <span class='ocrx_word' id='word_1_83' title='bbox 349 1321 407 1360; x_wconf 90' lang='lat' dir='ltr'><strong>suo</strong></span> <span class='ocrx_word' id='word_1_84' title='bbox 443 1299 513 1359; x_wconf 90' lang='lat' dir='ltr'><strong>iure</strong></span> <span class='ocrx_word' id='word_1_85' title='bbox 544 1309 633 1362; x_wconf 87' lang='lat' dir='ltr'><strong>esset</strong></span> <span class='ocrx_word' id='word_1_86' title='bbox 661 1301 740 1361; x_wconf 88' lang='lat' dir='ltr'><strong>ulta.</strong></span> <span class='ocrx_word' id='word_1_87' title='bbox 797 1300 959 1374; x_wconf 86' lang='lat' dir='ltr'><strong>Senatus,</strong></span> <span class='ocrx_word' id='word_1_88' title='bbox 999 1301 1118 1373; x_wconf 91' lang='lat' dir='ltr'><strong>credo,</strong></span> 
     </span>
     <span class='ocr_line' id='line_1_12' title="bbox 10 1382 1119 1467; baseline -0.001 -24"><span class='ocrx_word' id='word_1_89' title='bbox 10 1393 182 1464; x_wconf 77' lang='lat' dir='ltr'><strong>praetorem</strong></span> <span class='ocrx_word' id='word_1_90' title='bbox 211 1404 292 1443; x_wconf 88' lang='lat' dir='ltr'><strong>eum</strong></span> <span class='ocrx_word' id='word_1_91' title='bbox 311 1382 622 1463; x_wconf 80' lang='lat' dir='ltr'><strong>circumscripsisset</strong></span> <span class='ocrx_word' id='word_1_92' title='bbox 676 1407 717 1444; x_wconf 89' lang='lat' dir='ltr'><strong>ne</strong></span> <span class='ocrx_word' id='word_1_93' title='bbox 742 1407 813 1444; x_wconf 91' lang='lat' dir='ltr'><strong>cum</strong></span> <span class='ocrx_word' id='word_1_94' title='bbox 837 1382 965 1445; x_wconf 87' lang='lat' dir='ltr'><strong>solebat</strong></span> <span class='ocrx_word' id='word_1_95' title='bbox 988 1383 1119 1467; x_wconf 85' lang='lat' dir='ltr'><strong>quidem</strong></span> 
     </span>
     <span class='ocr_line' id='line_1_13' title="bbox 10 1460 1168 1552; baseline -0.002 -26"><span class='ocrx_word' id='word_1_96' title='bbox 10 1467 39 1526; x_wconf 91' lang='lat' dir='ltr'><strong>id</strong></span> <span class='ocrx_word' id='word_1_97' title='bbox 64 1467 203 1540; x_wconf 81' lang='lat' dir='ltr'><strong>lacere,</strong></span> <span class='ocrx_word' id='word_1_98' title='bbox 246 1466 283 1525; x_wconf 90' lang='lat' dir='ltr'><strong>in</strong></span> <span class='ocrx_word' id='word_1_99' title='bbox 312 1465 441 1547; x_wconf 84' lang='lat' dir='ltr'><strong>privato</strong></span> <span class='ocrx_word' id='word_1_100' title='bbox 463 1466 575 1526; x_wconf 89' lang='lat' dir='ltr'><strong>eodem</strong></span> <span class='ocrx_word' id='word_1_101' title='bbox 595 1467 657 1528; x_wconf 89' lang='lat' dir='ltr'><strong>boc</strong></span> <span class='ocrx_word' id='word_1_102' title='bbox 681 1468 806 1552; x_wconf 89' lang='lat' dir='ltr'><strong>aliquid</strong></span> <span class='ocrx_word' id='word_1_103' title='bbox 827 1469 1022 1549; x_wconf 80' lang='lat' dir='ltr'><strong>profecerat.</strong></span> <span class='ocrx_word' id='word_1_104' title='bbox 1065 1460 1168 1526; x_wconf 66' lang='lat' dir='ltr'><strong>Anssss</strong></span> 
     </span>
     <span class='ocr_line' id='line_1_14' title="bbox 8 1549 1118 1630; baseline 0.002 -22"><span class='ocrx_word' id='word_1_105' title='bbox 8 1549 149 1610; x_wconf 86' lang='lat' dir='ltr'><strong>consules</strong></span> <span class='ocrx_word' id='word_1_106' title='bbox 185 1551 227 1609; x_wconf 88' lang='lat' dir='ltr'><strong>in</strong></span> <span class='ocrx_word' id='word_1_107' title='bbox 248 1559 402 1630; x_wconf 83' lang='lat' dir='ltr'><strong>praetore</strong></span> <span class='ocrx_word' id='word_1_108' title='bbox 425 1550 607 1612; x_wconf 76' lang='lat' dir='ltr'><strong>coitrcendo</strong></span> <span class='ocrx_word' id='word_1_109' title='bbox 627 1552 728 1611; x_wconf 82' lang='lat' dir='ltr'><strong>l‘ortes</strong></span> <span class='ocrx_word' id='word_1_110' title='bbox 748 1552 934 1612; x_wconf 64' lang='lat' dir='ltr'><strong>fuissentl1</strong></span> <span class='ocrx_word' id='word_1_111' title='bbox 957 1550 1118 1623; x_wconf 87' lang='lat' dir='ltr'><strong>Primum,</strong></span> 
     </span>
     <span class='ocr_line' id='line_1_15' title="bbox 2 1632 1224 1715; baseline 0.002 -23"><span class='ocrx_word' id='word_1_112' title='bbox 2 1632 119 1693; x_wconf 83' lang='lat' dir='ltr'><strong>Ililone</strong></span> <span class='ocrx_word' id='word_1_113' title='bbox 136 1635 285 1704; x_wconf 83' lang='lat' dir='ltr'><strong>occiso,</strong></span> <span class='ocrx_word' id='word_1_114' title='bbox 317 1632 486 1692; x_wconf 84' lang='lat' dir='ltr'><strong>habuisset</strong></span> <span class='ocrx_word' id='word_1_115' title='bbox 506 1655 582 1694; x_wconf 86' lang='lat' dir='ltr'><strong>euos</strong></span> <span class='ocrx_word' id='word_1_116' title='bbox 605 1634 767 1695; x_wconf 89' lang='lat' dir='ltr'><strong>consules.</strong></span> <span class='ocrx_word' id='word_1_117' title='bbox 800 1634 1008 1715; x_wconf 89' lang='lat' dir='ltr'><strong>deindequis</strong></span> <span class='ocrx_word' id='word_1_118' title='bbox 1028 1633 1118 1694; x_wconf 91' lang='lat' dir='ltr'><strong>ineo</strong></span> <span class='ocrx_word' id='word_1_119' title='bbox 1220 1640 1224 1654; x_wconf 91' lang='grc'><em>“</em></span> 
     </span>
     <span class='ocr_line' id='line_1_16' title="bbox 5 1716 1119 1800; baseline 0.001 -25"><span class='ocrx_word' id='word_1_120' title='bbox 5 1725 148 1796; x_wconf 88' lang='lat' dir='ltr'><strong>praetore</strong></span> <span class='ocrx_word' id='word_1_121' title='bbox 194 1716 321 1778; x_wconf 84' lang='lat' dir='ltr'><strong>consul</strong></span> <span class='ocrx_word' id='word_1_122' title='bbox 355 1716 450 1776; x_wconf 87' lang='lat' dir='ltr'><strong>fortis</strong></span> <span class='ocrx_word' id='word_1_123' title='bbox 481 1725 589 1788; x_wconf 89' lang='lat' dir='ltr'><strong>esset,</strong></span> <span class='ocrx_word' id='word_1_124' title='bbox 623 1739 803 1800; x_wconf 90' lang='lat' dir='ltr'><strong>perquem</strong></span> <span class='ocrx_word' id='word_1_125' title='bbox 831 1718 1014 1784; x_wconf 85' lang='lat' dir='ltr'><strong>tribunum,</strong></span> <span class='ocrx_word' id='word_1_126' title='bbox 1055 1717 1119 1776; x_wconf 85' lang='lat' dir='ltr'><strong>vir-</strong></span> 
     </span>
     <span class='ocr_line' id='line_1_17' title="bbox 6 1798 1118 1882; baseline 0.002 -25"><span class='ocrx_word' id='word_1_127' title='bbox 6 1804 98 1860; x_wconf 88' lang='lat' dir='ltr'><strong>tutem</strong></span> <span class='ocrx_word' id='word_1_128' title='bbox 108 1800 146 1882; x_wconf 70' lang='lat'><strong>⁴)</strong></span> <span class='ocrx_word' id='word_1_129' title='bbox 154 1798 378 1861; x_wconf 79' lang='lat' dir='ltr'><strong>&#39;consularem</strong></span> <span class='ocrx_word' id='word_1_130' title='bbox 395 1798 620 1860; x_wconf 86' lang='lat' dir='ltr'><strong>crudelissime</strong></span> <span class='ocrx_word' id='word_1_131' title='bbox 638 1808 785 1861; x_wconf 80' lang='lat' dir='ltr'><strong>vexatam</strong></span> <span class='ocrx_word' id='word_1_132' title='bbox 803 1822 875 1859; x_wconf 91' lang='lat' dir='ltr'><strong>esse</strong></span> <span class='ocrx_word' id='word_1_133' title='bbox 894 1800 1118 1860; x_wconf 83' lang='lat' dir='ltr'><strong>meminisset?</strong></span> 
     </span>
    </p>
   </div>
   <div class='ocr_carea' id='block_1_3' title="bbox 1017 1939 1117 1950">
    <p class='ocr_par' dir='ltr' id='par_1_5' title="bbox 1017 1939 1117 1950">
     <span class='ocr_line' id='line_1_18' title="bbox 1017 1939 1117 1950; baseline -0.02 0"><span class='ocrx_word' id='word_1_134' title='bbox 1017 1939 1117 1950; x_wconf 60' lang='grc' dir='ltr'><strong>*σι-</strong></span> 
     </span>
    </p>
   </div>
   <div class='ocr_carea' id='block_1_4' title="bbox 10 1967 1231 2120">
    <p class='ocr_par' dir='ltr' id='par_1_6' title="bbox 10 1967 1231 2120">
     <span class='ocr_line' id='line_1_19' title="bbox 55 1967 1231 2052; baseline -0.001 -18"><span class='ocrx_word' id='word_1_135' title='bbox 55 1982 81 2047; x_wconf 89' lang='lat' dir='ltr'><strong>l)</strong></span> <span class='ocrx_word' id='word_1_136' title='bbox 115 1984 214 2052; x_wconf 81' lang='lat' dir='ltr'><strong>ipsum</strong></span> <span class='ocrx_word' id='word_1_137' title='bbox 236 1982 327 2033; x_wconf 87' lang='lat' dir='ltr'><strong>illum.</strong></span> <span class='ocrx_word' id='word_1_138' title='bbox 384 1981 415 2047; x_wconf 66' lang='lat'><strong>2)</strong></span> <span class='ocrx_word' id='word_1_139' title='bbox 444 1983 526 2033; x_wconf 89' lang='lat' dir='ltr'><strong>etiam</strong></span> <span class='ocrx_word' id='word_1_140' title='bbox 543 1967 573 2033; x_wconf 80' lang='lat' dir='ltr'><strong>isi</strong></span> <span class='ocrx_word' id='word_1_141' title='bbox 589 2000 659 2038; x_wconf 89' lang='lat' dir='ltr'><strong>meo.</strong></span> <span class='ocrx_word' id='word_1_142' title='bbox 712 1981 744 2051; x_wconf 75' lang='grc'><strong>5)</strong></span> <span class='ocrx_word' id='word_1_143' title='bbox 771 1989 889 2035; x_wconf 82' lang='lat' dir='ltr'><strong>mentem</strong></span> <span class='ocrx_word' id='word_1_144' title='bbox 908 1983 1046 2035; x_wconf 84' lang='lat' dir='ltr'><strong>dederunt</strong></span> <span class='ocrx_word' id='word_1_145' title='bbox 1064 1984 1118 2036; x_wconf 85' lang='lat' dir='ltr'><strong>illi.</strong></span> <span class='ocrx_word' id='word_1_146' title='bbox 1228 1983 1231 1992; x_wconf 85' lang='lat'>&#39;</span> 
     </span>
     <span class='ocr_line' id='line_1_20' title="bbox 10 2049 1023 2120; baseline 0.008 -20"><span class='ocrx_word' id='word_1_147' title='bbox 10 2049 37 2120; x_wconf 74' lang='lat' dir='ltr'><strong>l)</strong></span> <span class='ocrx_word' id='word_1_148' title='bbox 59 2054 147 2106; x_wconf 77' lang='lat' dir='ltr'><strong>sirum</strong></span> <span class='ocrx_word' id='word_1_149' title='bbox 163 2072 251 2106; x_wconf 89' lang='lat' dir='ltr'><strong>cons.</strong></span> <span class='ocrx_word' id='word_1_150' title='bbox 271 2055 349 2105; x_wconf 88' lang='lat' dir='ltr'><strong>crud.</strong></span> <span class='ocrx_word' id='word_1_151' title='bbox 365 2060 501 2106; x_wconf 82' lang='lat' dir='ltr'><strong>vexatum.</strong></span> <span class='ocrx_word' id='word_1_152' title='bbox 800 2084 802 2088; x_wconf 94' lang='lat'>·</span> <span class='ocrx_word' id='word_1_153' title='bbox 1021 2053 1023 2062; x_wconf 84' lang='grc'><strong>’</strong></span> 
     </span>
    </p>
   </div>
   <div class='ocr_carea' id='block_1_5' title="bbox 14 2192 1117 2283">
    <p class='ocr_par' dir='ltr' id='par_1_7' title="bbox 14 2192 1117 2283">
     <span class='ocr_line' id='line_1_21' title="bbox 14 2192 1117 2283; baseline 0.01 -41"><span class='ocrx_word' id='word_1_154' title='bbox 14 2193 85 2246; x_wconf 79' lang='lat' dir='ltr'><strong>Pare.</strong></span> <span class='ocrx_word' id='word_1_155' title='bbox 101 2198 127 2249; x_wconf 79' lang='grc'><strong>7.</strong></span> <span class='ocrx_word' id='word_1_156' title='bbox 157 2196 203 2250; x_wconf 66' lang='lat'><strong>9.</strong></span> <span class='ocrx_word' id='word_1_157' title='bbox 225 2199 257 2249; x_wconf 78' lang='lat' dir='ltr'><strong>d.</strong></span> <span class='ocrx_word' id='word_1_158' title='bbox 283 2192 520 2283; x_wconf 62' lang='lat' dir='ltr'><strong>aliisque-librisz</strong></span> <span class='ocrx_word' id='word_1_159' title='bbox 552 2199 658 2278; x_wconf 77' lang='lat' dir='ltr'><strong>obstare</strong></span> <span class='ocrx_word' id='word_1_160' title='bbox 673 2195 720 2253; x_wconf 84' lang='lat' dir='ltr'><strong>Cn.</strong></span> <span class='ocrx_word' id='word_1_161' title='bbox 740 2199 891 2270; x_wconf 76' lang='lat' dir='ltr'><strong>Pompeium</strong></span> <span class='ocrx_word' id='word_1_162' title='bbox 908 2217 976 2252; x_wconf 84' lang='grc' dir='ltr'><strong><em>ιιιιιο</em></strong></span> <span class='ocrx_word' id='word_1_163' title='bbox 998 2198 1117 2253; x_wconf 77' lang='lat' dir='ltr'><strong>exbibet.</strong></span> 
     </span>
    </p>
   </div>
   <div class='ocr_carea' id='block_1_6' title="bbox 16 2287 1325 4487">
    <p class='ocr_par' dir='ltr' id='par_1_8' title="bbox 17 2287 631 2349">
     <span class='ocr_line' id='line_1_22' title="bbox 17 2287 631 2349; baseline 0 -8"><span class='ocrx_word' id='word_1_164' title='bbox 17 2287 75 2341; x_wconf 81' lang='lat' dir='ltr'><strong>Bar.</strong></span> <span class='ocrx_word' id='word_1_165' title='bbox 90 2309 142 2345; x_wconf 87' lang='lat' dir='ltr'><strong>sec.</strong></span> <span class='ocrx_word' id='word_1_166' title='bbox 163 2293 256 2346; x_wconf 81' lang='lat' dir='ltr'><strong>0lx=</strong></span> <span class='ocrx_word' id='word_1_167' title='bbox 276 2293 382 2342; x_wconf 81' lang='lat' dir='ltr'><strong>obstare</strong></span> <span class='ocrx_word' id='word_1_168' title='bbox 399 2311 438 2343; x_wconf 82' lang='lat' dir='ltr'><strong>err.</strong></span> <span class='ocrx_word' id='word_1_169' title='bbox 458 2292 555 2349; x_wconf 80' lang='lat' dir='ltr'><strong>reditu.</strong></span> <span class='ocrx_word' id='word_1_170' title='bbox 628 2306 631 2323; x_wconf 69' lang='lat'>&#39;</span> 
     </span>
    </p>

    <p class='ocr_par' dir='ltr' id='par_1_9' title="bbox 16 2362 1118 2636">
     <span class='ocr_line' id='line_1_23' title="bbox 63 2362 1117 2432; baseline 0 -18"><span class='ocrx_word' id='word_1_171' title='bbox 63 2367 137 2428; x_wconf 80' lang='lat' dir='ltr'><strong>quasi</strong></span> <span class='ocrx_word' id='word_1_172' title='bbox 151 2365 322 2416; x_wconf 79' lang='lat' dir='ltr'><strong>devinctum.</strong></span> <span class='ocrx_word' id='word_1_173' title='bbox 350 2363 412 2412; x_wconf 79' lang='lat' dir='ltr'><strong>Est.</strong></span> <span class='ocrx_word' id='word_1_174' title='bbox 429 2362 502 2414; x_wconf 66' lang='lat'><strong>02¹.</strong></span> <span class='ocrx_word' id='word_1_175' title='bbox 519 2365 619 2416; x_wconf 80' lang='lat' dir='ltr'><strong>Fraus.</strong></span> <span class='ocrx_word' id='word_1_176' title='bbox 636 2382 679 2432; x_wconf 93' lang='lat' dir='ltr'><strong>pr.</strong></span> <span class='ocrx_word' id='word_1_177' title='bbox 696 2363 784 2415; x_wconf 80' lang='lat' dir='ltr'><strong>Arch.</strong></span> <span class='ocrx_word' id='word_1_178' title='bbox 798 2365 867 2416; x_wconf 79' lang='lat' dir='ltr'><strong>Bau.</strong></span> <span class='ocrx_word' id='word_1_179' title='bbox 882 2383 936 2426; x_wconf 78' lang='lat' dir='ltr'><strong>see.</strong></span> <span class='ocrx_word' id='word_1_180' title='bbox 951 2364 1033 2416; x_wconf 81' lang='lat' dir='ltr'><strong>Para.</strong></span> <span class='ocrx_word' id='word_1_181' title='bbox 1045 2364 1073 2414; x_wconf 77' lang='lat'><strong>5.</strong></span> <span class='ocrx_word' id='word_1_182' title='bbox 1088 2363 1117 2415; x_wconf 73' lang='lat' dir='ltr'><strong>b.</strong></span> 
     </span>
     <span class='ocr_line' id='line_1_24' title="bbox 16 2426 1116 2504; baseline 0.005 -23"><span class='ocrx_word' id='word_1_183' title='bbox 16 2426 151 2486; x_wconf 51' lang='lat' dir='ltr'><strong>tutem.</strong></span> <span class='ocrx_word' id='word_1_184' title='bbox 170 2435 320 2486; x_wconf 79' lang='lat' dir='ltr'><strong>devictum.</strong></span> <span class='ocrx_word' id='word_1_185' title='bbox 358 2433 473 2499; x_wconf 48' lang='lat' dir='ltr'><strong>Lamos</strong></span> <span class='ocrx_word' id='word_1_186' title='bbox 499 2435 557 2484; x_wconf 85' lang='lat' dir='ltr'><strong>sibi&#39;</strong></span> <span class='ocrx_word' id='word_1_187' title='bbox 575 2433 715 2484; x_wconf 81' lang='lat' dir='ltr'><strong>devictum.</strong></span> <span class='ocrx_word' id='word_1_188' title='bbox 754 2436 813 2486; x_wconf 87' lang='lat' dir='ltr'><strong>Sed</strong></span> <span class='ocrx_word' id='word_1_189' title='bbox 834 2454 858 2486; x_wconf 79' lang='lat' dir='ltr'><strong>r.</strong></span> <span class='ocrx_word' id='word_1_190' title='bbox 875 2453 901 2503; x_wconf 88' lang='lat' dir='ltr'><strong>p.</strong></span> <span class='ocrx_word' id='word_1_191' title='bbox 918 2435 1026 2486; x_wconf 78' lang='lat' dir='ltr'><strong>Archia</strong></span> <span class='ocrx_word' id='word_1_192' title='bbox 1049 2439 1071 2504; x_wconf 63' lang='grc' dir='ltr'><strong>ξ.</strong></span> <span class='ocrx_word' id='word_1_193' title='bbox 1088 2432 1116 2486; x_wconf 85' lang='grc'><strong>6.</strong></span> 
     </span>
     <span class='ocr_line' id='line_1_25' title="bbox 16 2500 1118 2570; baseline 0.005 -20"><span class='ocrx_word' id='word_1_194' title='bbox 16 2500 108 2568; x_wconf 73' lang='lat' dir='ltr'><strong>dgrar.</strong></span> <span class='ocrx_word' id='word_1_195' title='bbox 126 2507 144 2555; x_wconf 94' lang='lat'>1</span> <span class='ocrx_word' id='word_1_196' title='bbox 163 2505 185 2556; x_wconf 75' lang='lat' dir='ltr'><strong>n</strong></span> <span class='ocrx_word' id='word_1_197' title='bbox 205 2511 298 2556; x_wconf 64' lang='lat' dir='ltr'><strong>exter</strong></span> <span class='ocrx_word' id='word_1_198' title='bbox 338 2503 432 2555; x_wconf 82' lang='lat' dir='ltr'><strong>Totam</strong></span> <span class='ocrx_word' id='word_1_199' title='bbox 450 2504 563 2566; x_wconf 76' lang='lat' dir='ltr'><strong>Italiam</strong></span> <span class='ocrx_word' id='word_1_200' title='bbox 584 2506 701 2554; x_wconf 80' lang='lat' dir='ltr'><strong>ornnibns</strong></span> <span class='ocrx_word' id='word_1_201' title='bbox 716 2507 821 2556; x_wconf 77' lang='lat' dir='ltr'><strong>&#39;vinclis</strong></span> <span class='ocrx_word' id='word_1_202' title='bbox 838 2506 988 2558; x_wconf 83' lang='lat' dir='ltr'><strong>devinctam</strong></span> <span class='ocrx_word' id='word_1_203' title='bbox 1010 2514 1118 2570; x_wconf 60' lang='lat' dir='ltr'><strong>etmoa·</strong></span> 
     </span>
     <span class='ocr_line' id='line_1_26' title="bbox 16 2574 990 2636; baseline 0.003 -15"><span class='ocrx_word' id='word_1_204' title='bbox 16 2574 124 2625; x_wconf 81' lang='lat' dir='ltr'><strong>strictam</strong></span> <span class='ocrx_word' id='word_1_205' title='bbox 142 2577 286 2626; x_wconf 80' lang='lat' dir='ltr'><strong>teneretis.</strong></span> <span class='ocrx_word' id='word_1_206' title='bbox 308 2603 340 2614; x_wconf 92' lang='lat'><em>-</em></span> <span class='ocrx_word' id='word_1_207' title='bbox 826 2629 830 2636; x_wconf 54' lang='lat'><strong>.</strong></span> <span class='ocrx_word' id='word_1_208' title='bbox 983 2582 990 2600; x_wconf 62' lang='lat'>¹</span> 
     </span>
    </p>

    <p class='ocr_par' dir='ltr' id='par_1_10' title="bbox 18 2641 1325 3209">
     <span class='ocr_line' id='line_1_27' title="bbox 58 2641 1116 2713; baseline 0.008 -22"><span class='ocrx_word' id='word_1_209' title='bbox 58 2661 131 2696; x_wconf 82' lang='lat' dir='ltr'><strong>snam</strong></span> <span class='ocrx_word' id='word_1_210' title='bbox 147 2665 217 2698; x_wconf 82' lang='lat' dir='ltr'><strong>esse.</strong></span> <span class='ocrx_word' id='word_1_211' title='bbox 260 2645 322 2697; x_wconf 77' lang='lat' dir='ltr'><strong>Eri.</strong></span> <span class='ocrx_word' id='word_1_212' title='bbox 338 2646 418 2696; x_wconf 85' lang='lat' dir='ltr'><strong>Parr.</strong></span> <span class='ocrx_word' id='word_1_213' title='bbox 435 2643 463 2695; x_wconf 68' lang='lat' dir='ltr'><strong>ss.</strong></span> <span class='ocrx_word' id='word_1_214' title='bbox 480 2643 507 2696; x_wconf 77' lang='grc' dir='ltr'><strong>ὅ.</strong></span> <span class='ocrx_word' id='word_1_215' title='bbox 526 2641 553 2694; x_wconf 75' lang='grc'><strong>8.</strong></span> <span class='ocrx_word' id='word_1_216' title='bbox 570 2642 599 2694; x_wconf 87' lang='grc'><strong>9.</strong></span> <span class='ocrx_word' id='word_1_217' title='bbox 624 2650 741 2713; x_wconf 84' lang='lat' dir='ltr'><strong>uterque</strong></span> <span class='ocrx_word' id='word_1_218' title='bbox 757 2645 825 2697; x_wconf 81' lang='lat' dir='ltr'><strong>Bar.</strong></span> <span class='ocrx_word' id='word_1_219' title='bbox 843 2646 916 2698; x_wconf 83' lang='lat' dir='ltr'><strong>Pith.</strong></span> <span class='ocrx_word' id='word_1_220' title='bbox 934 2647 1021 2698; x_wconf 78' lang='lat' dir='ltr'><strong>Barb.</strong></span> <span class='ocrx_word' id='word_1_221' title='bbox 1041 2646 1116 2700; x_wconf 67' lang='lat'><strong>05¹.</strong></span> 
     </span>
     <span class='ocr_line' id='line_1_28' title="bbox 18 2711 1325 2786; baseline 0.008 -26"><span class='ocrx_word' id='word_1_222' title='bbox 18 2711 131 2781; x_wconf 74' lang='lat' dir='ltr'><strong>plerique</strong></span> <span class='ocrx_word' id='word_1_223' title='bbox 155 2717 254 2786; x_wconf 55' lang='grc' dir='ltr'><strong>[ΑΗΕ.</strong></span> <span class='ocrx_word' id='word_1_224' title='bbox 269 2716 359 2769; x_wconf 86' lang='lat' dir='ltr'><strong>Veun.</strong></span> <span class='ocrx_word' id='word_1_225' title='bbox 374 2715 458 2768; x_wconf 68' lang='lat' dir='ltr'><strong>texti</strong></span> <span class='ocrx_word' id='word_1_226' title='bbox 485 2733 560 2764; x_wconf 83' lang='lat' dir='ltr'><strong>suam</strong></span> <span class='ocrx_word' id='word_1_227' title='bbox 573 2717 720 2783; x_wconf 76' lang='lat' dir='ltr'><strong>potentiam</strong></span> <span class='ocrx_word' id='word_1_228' title='bbox 734 2735 798 2768; x_wconf 88' lang='lat' dir='ltr'><strong>esse.</strong></span> <span class='ocrx_word' id='word_1_229' title='bbox 837 2716 976 2769; x_wconf 78' lang='lat' dir='ltr'><strong>Gruter-ns</strong></span> <span class='ocrx_word' id='word_1_230' title='bbox 994 2719 1140 2769; x_wconf 85' lang='lat' dir='ltr'><strong>auctori·-</strong></span> <span class='ocrx_word' id='word_1_231' title='bbox 1207 2763 1209 2768; x_wconf 80' lang='grc'>,</span> <span class='ocrx_word' id='word_1_232' title='bbox 1244 2715 1247 2722; x_wconf 64' lang='grc'><strong>“</strong></span> <span class='ocrx_word' id='word_1_233' title='bbox 1306 2765 1325 2770; x_wconf 90' lang='grc'><strong>,.</strong></span> 
     </span>
     <span class='ocr_line' id='line_1_29' title="bbox 18 2785 1116 2856; baseline 0.007 -28"><span class='ocrx_word' id='word_1_234' title='bbox 18 2785 64 2833; x_wconf 85' lang='lat' dir='ltr'><strong>tate</strong></span> <span class='ocrx_word' id='word_1_235' title='bbox 77 2786 180 2839; x_wconf 80' lang='lat' dir='ltr'><strong>Colou.</strong></span> <span class='ocrx_word' id='word_1_236' title='bbox 202 2795 234 2840; x_wconf 90' lang='lat' dir='ltr'><strong>et</strong></span> <span class='ocrx_word' id='word_1_237' title='bbox 250 2788 307 2847; x_wconf 89' lang='lat' dir='ltr'><strong>sui,</strong></span> <span class='ocrx_word' id='word_1_238' title='bbox 327 2787 431 2838; x_wconf 85' lang='lat' dir='ltr'><strong>delevit</strong></span> <span class='ocrx_word' id='word_1_239' title='bbox 445 2785 558 2840; x_wconf 77' lang='lat' dir='ltr'><strong>verbnm</strong></span> <span class='ocrx_word' id='word_1_240' title='bbox 574 2787 737 2853; x_wconf 82' lang='lat' dir='ltr'><strong>potentiam,</strong></span> <span class='ocrx_word' id='word_1_241' title='bbox 759 2788 832 2856; x_wconf 89' lang='lat' dir='ltr'><strong>quod</strong></span> <span class='ocrx_word' id='word_1_242' title='bbox 848 2806 935 2855; x_wconf 87' lang='lat' dir='ltr'><strong>neque</strong></span> <span class='ocrx_word' id='word_1_243' title='bbox 951 2791 979 2838; x_wconf 93' lang='lat' dir='ltr'><strong>in</strong></span> <span class='ocrx_word' id='word_1_244' title='bbox 997 2789 1116 2856; x_wconf 86' lang='lat' dir='ltr'><strong>Palimp-</strong></span> 
     </span>
     <span class='ocr_line' id='line_1_30' title="bbox 20 2856 1116 2926; baseline 0.007 -27"><span class='ocrx_word' id='word_1_245' title='bbox 20 2860 97 2916; x_wconf 85' lang='lat' dir='ltr'><strong>scato,</strong></span> <span class='ocrx_word' id='word_1_246' title='bbox 123 2859 218 2910; x_wconf 86' lang='lat' dir='ltr'><strong>Arcb.</strong></span> <span class='ocrx_word' id='word_1_247' title='bbox 247 2858 346 2909; x_wconf 84' lang='lat' dir='ltr'><strong>Franc.</strong></span> <span class='ocrx_word' id='word_1_248' title='bbox 373 2875 416 2926; x_wconf 91' lang='lat' dir='ltr'><strong>pr.</strong></span> <span class='ocrx_word' id='word_1_249' title='bbox 444 2862 509 2908; x_wconf 87' lang='lat' dir='ltr'><strong>cett.</strong></span> <span class='ocrx_word' id='word_1_250' title='bbox 531 2858 611 2908; x_wconf 81' lang='lat' dir='ltr'><strong>l’arr.</strong></span> <span class='ocrx_word' id='word_1_251' title='bbox 635 2856 706 2907; x_wconf 80' lang='lat' dir='ltr'><strong>(lxx.</strong></span> <span class='ocrx_word' id='word_1_252' title='bbox 732 2859 827 2925; x_wconf 75' lang='lat' dir='ltr'><strong>paucis</strong></span> <span class='ocrx_word' id='word_1_253' title='bbox 854 2859 942 2926; x_wconf 77' lang='lat' dir='ltr'><strong>Lagg.</strong></span> <span class='ocrx_word' id='word_1_254' title='bbox 968 2861 1010 2911; x_wconf 89' lang='lat' dir='ltr'><strong>cd.</strong></span> <span class='ocrx_word' id='word_1_255' title='bbox 1036 2858 1116 2908; x_wconf 85' lang='lat' dir='ltr'><strong>Rom.</strong></span> 
     </span>
     <span class='ocr_line' id='line_1_31' title="bbox 21 2927 1115 2998; baseline 0.005 -25"><span class='ocrx_word' id='word_1_256' title='bbox 21 2931 104 2978; x_wconf 79' lang='lat' dir='ltr'><strong>exstat.</strong></span> <span class='ocrx_word' id='word_1_257' title='bbox 156 2929 284 2980; x_wconf 83' lang='lat' dir='ltr'><strong>Dubiam</strong></span> <span class='ocrx_word' id='word_1_258' title='bbox 318 2945 377 2979; x_wconf 89' lang='lat' dir='ltr'><strong>esse</strong></span> <span class='ocrx_word' id='word_1_259' title='bbox 408 2928 564 2996; x_wconf 86' lang='lat' dir='ltr'><strong>optionem,</strong></span> <span class='ocrx_word' id='word_1_260' title='bbox 600 2935 693 2980; x_wconf 85' lang='lat' dir='ltr'><strong>mouet</strong></span> <span class='ocrx_word' id='word_1_261' title='bbox 726 2927 794 2982; x_wconf 85' lang='lat' dir='ltr'><strong>Gar.</strong></span> <span class='ocrx_word' id='word_1_262' title='bbox 820 2947 906 2996; x_wconf 86' lang='lat' dir='ltr'><strong>comp.</strong></span> <span class='ocrx_word' id='word_1_263' title='bbox 931 2948 956 2998; x_wconf 89' lang='lat' dir='ltr'><strong>p.</strong></span> <span class='ocrx_word' id='word_1_264' title='bbox 982 2929 1070 2980; x_wconf 85' lang='lat' dir='ltr'><strong>Marc.</strong></span> <span class='ocrx_word' id='word_1_265' title='bbox 1088 2929 1115 2979; x_wconf 83' lang='lat'><strong>⁷.</strong></span> 
     </span>
     <span class='ocr_line' id='line_1_32' title="bbox 20 2993 1158 3068; baseline 0.003 -23"><span class='ocrx_word' id='word_1_266' title='bbox 20 3007 42 3056; x_wconf 71' lang='lat' dir='ltr'><strong>p.</strong></span> <span class='ocrx_word' id='word_1_267' title='bbox 50 2993 137 3065; x_wconf 75' lang='lat' dir='ltr'><strong>nejm.</strong></span> <span class='ocrx_word' id='word_1_268' title='bbox 147 2998 177 3052; x_wconf 71' lang='grc' dir='ltr'><strong>ὅ.</strong></span> <span class='ocrx_word' id='word_1_269' title='bbox 196 3007 228 3052; x_wconf 87' lang='lat' dir='ltr'><strong>et</strong></span> <span class='ocrx_word' id='word_1_270' title='bbox 237 3000 310 3050; x_wconf 78' lang='lat' dir='ltr'><strong>intra</strong></span> <span class='ocrx_word' id='word_1_271' title='bbox 320 3000 343 3068; x_wconf 70' lang='grc'><strong>5.</strong></span> <span class='ocrx_word' id='word_1_272' title='bbox 355 2997 423 3049; x_wconf 78' lang='lat'><strong>100.</strong></span> <span class='ocrx_word' id='word_1_273' title='bbox 443 2999 476 3046; x_wconf 86' lang='lat' dir='ltr'><strong>ln</strong></span> <span class='ocrx_word' id='word_1_274' title='bbox 484 2999 578 3050; x_wconf 76' lang='lat' dir='ltr'><strong>verbis</strong></span> <span class='ocrx_word' id='word_1_275' title='bbox 588 3016 664 3068; x_wconf 85' lang='lat' dir='ltr'><strong>seqq.</strong></span> <span class='ocrx_word' id='word_1_276' title='bbox 679 2999 765 3067; x_wconf 84' lang='lat' dir='ltr'><strong>rejeci</strong></span> <span class='ocrx_word' id='word_1_277' title='bbox 776 3017 834 3050; x_wconf 92' lang='lat' dir='ltr'><strong>cum</strong></span> <span class='ocrx_word' id='word_1_278' title='bbox 843 2999 936 3052; x_wconf 80' lang='lat' dir='ltr'><strong>Lamb,</strong></span> <span class='ocrx_word' id='word_1_279' title='bbox 953 3006 980 3049; x_wconf 89' lang='lat' dir='ltr'><strong>et</strong></span> <span class='ocrx_word' id='word_1_280' title='bbox 990 2997 1042 3050; x_wconf 81' lang='lat' dir='ltr'><strong>Gr.</strong></span> <span class='ocrx_word' id='word_1_281' title='bbox 1053 3017 1116 3068; x_wconf 82' lang='lat' dir='ltr'><strong>par·</strong></span> <span class='ocrx_word' id='word_1_282' title='bbox 1144 3003 1158 3008; x_wconf 77' lang='grc'><em>”</em></span> 
     </span>
     <span class='ocr_line' id='line_1_33' title="bbox 22 3062 1114 3139; baseline 0.01 -29"><span class='ocrx_word' id='word_1_283' title='bbox 22 3062 119 3118; x_wconf 86' lang='lat' dir='ltr'><strong>ticnlam</strong></span> <span class='ocrx_word' id='word_1_284' title='bbox 136 3073 233 3130; x_wconf 83' lang='lat' dir='ltr'><strong>etiam,</strong></span> <span class='ocrx_word' id='word_1_285' title='bbox 255 3089 307 3139; x_wconf 87' lang='lat' dir='ltr'><strong>qua</strong></span> <span class='ocrx_word' id='word_1_286' title='bbox 323 3076 419 3122; x_wconf 85' lang='lat' dir='ltr'><strong>carent</strong></span> <span class='ocrx_word' id='word_1_287' title='bbox 428 3068 559 3139; x_wconf 82' lang='lat' dir='ltr'><strong>Palimps.</strong></span> <span class='ocrx_word' id='word_1_288' title='bbox 571 3069 632 3120; x_wconf 83' lang='lat' dir='ltr'><strong>Erl&#39;.</strong></span> <span class='ocrx_word' id='word_1_289' title='bbox 645 3076 762 3136; x_wconf 86' lang='lat' dir='ltr'><strong>uterque</strong></span> <span class='ocrx_word' id='word_1_290' title='bbox 771 3071 838 3121; x_wconf 81' lang='lat' dir='ltr'><strong>Bas.</strong></span> <span class='ocrx_word' id='word_1_291' title='bbox 849 3069 918 3122; x_wconf 85' lang='lat' dir='ltr'><strong>Gar.</strong></span> <span class='ocrx_word' id='word_1_292' title='bbox 928 3069 1002 3121; x_wconf 68' lang='lat'><strong>07¹.</strong></span> <span class='ocrx_word' id='word_1_293' title='bbox 1013 3069 1114 3122; x_wconf 81' lang='lat' dir='ltr'><strong>Taurr.</strong></span> 
     </span>
     <span class='ocr_line' id='line_1_34' title="bbox 20 3133 680 3209; baseline 0.015 -28"><span class='ocrx_word' id='word_1_294' title='bbox 20 3133 134 3204; x_wconf 81' lang='lat' dir='ltr'><strong>plerique</strong></span> <span class='ocrx_word' id='word_1_295' title='bbox 153 3141 242 3193; x_wconf 87' lang='lat' dir='ltr'><strong>Parr.</strong></span> <span class='ocrx_word' id='word_1_296' title='bbox 261 3148 289 3192; x_wconf 90' lang='lat' dir='ltr'><strong>et</strong></span> <span class='ocrx_word' id='word_1_297' title='bbox 306 3140 394 3209; x_wconf 74' lang='lat' dir='ltr'><strong>Lagg.</strong></span> <span class='ocrx_word' id='word_1_298' title='bbox 415 3141 477 3190; x_wconf 91' lang='lat' dir='ltr'><strong>edd.</strong></span> <span class='ocrx_word' id='word_1_299' title='bbox 494 3141 573 3190; x_wconf 81' lang='lat' dir='ltr'><strong>Rom.</strong></span> <span class='ocrx_word' id='word_1_300' title='bbox 590 3139 680 3191; x_wconf 82' lang='lat' dir='ltr'><strong>Venn.</strong></span> 
     </span>
    </p>

    <p class='ocr_par' dir='ltr' id='par_1_11' title="bbox 21 3205 1115 3630">
     <span class='ocr_line' id='line_1_35' title="bbox 63 3205 1114 3278; baseline 0.005 -23"><span class='ocrx_word' id='word_1_301' title='bbox 63 3205 210 3262; x_wconf 81' lang='lat' dir='ltr'>XXXIII.</span> <span class='ocrx_word' id='word_1_302' title='bbox 251 3218 358 3262; x_wconf 82' lang='lat' dir='ltr'><strong>mentem</strong></span> <span class='ocrx_word' id='word_1_303' title='bbox 376 3210 420 3260; x_wconf 85' lang='lat' dir='ltr'><strong>illi</strong></span> <span class='ocrx_word' id='word_1_304' title='bbox 439 3240 470 3249; x_wconf 92' lang='lat'>—</span> <span class='ocrx_word' id='word_1_305' title='bbox 487 3210 624 3260; x_wconf 75' lang='lat' dir='ltr'><strong>dederunt.</strong></span> <span class='ocrx_word' id='word_1_306' title='bbox 662 3208 743 3259; x_wconf 80' lang='lat' dir='ltr'><strong>lquc</strong></span> <span class='ocrx_word' id='word_1_307' title='bbox 758 3207 882 3258; x_wconf 84' lang='lat' dir='ltr'><strong>ordinem</strong></span> <span class='ocrx_word' id='word_1_308' title='bbox 898 3209 994 3278; x_wconf 87' lang='lat' dir='ltr'><strong>recepi</strong></span> <span class='ocrx_word' id='word_1_309' title='bbox 1012 3227 1071 3259; x_wconf 85' lang='lat' dir='ltr'><strong>curn</strong></span> <span class='ocrx_word' id='word_1_310' title='bbox 1082 3207 1114 3261; x_wconf 81' lang='lat' dir='ltr'><strong>L.</strong></span> 
     </span>
     <span class='ocr_line' id='line_1_36' title="bbox 23 3273 1115 3348; baseline 0.003 -21"><span class='ocrx_word' id='word_1_311' title='bbox 23 3278 45 3320; x_wconf 67' lang='lat' dir='ltr'><strong>tl</strong></span> <span class='ocrx_word' id='word_1_312' title='bbox 58 3273 121 3329; x_wconf 80' lang='lat' dir='ltr'><strong>Gar.</strong></span> <span class='ocrx_word' id='word_1_313' title='bbox 141 3299 174 3331; x_wconf 88' lang='lat' dir='ltr'><strong>ex</strong></span> <span class='ocrx_word' id='word_1_314' title='bbox 193 3283 278 3332; x_wconf 86' lang='lat' dir='ltr'><strong>Parr.</strong></span> <span class='ocrx_word' id='word_1_315' title='bbox 295 3288 412 3348; x_wconf 88' lang='lat' dir='ltr'><strong>utroque</strong></span> <span class='ocrx_word' id='word_1_316' title='bbox 431 3280 499 3332; x_wconf 84' lang='lat' dir='ltr'><strong>Bav.</strong></span> <span class='ocrx_word' id='word_1_317' title='bbox 516 3279 603 3331; x_wconf 79' lang='lat' dir='ltr'><strong>Arcls.</strong></span> <span class='ocrx_word' id='word_1_318' title='bbox 617 3279 679 3329; x_wconf 79' lang='lat' dir='ltr'><strong>Eri.</strong></span> <span class='ocrx_word' id='word_1_319' title='bbox 697 3285 725 3330; x_wconf 86' lang='lat' dir='ltr'><strong>ct</strong></span> <span class='ocrx_word' id='word_1_320' title='bbox 742 3279 934 3346; x_wconf 81' lang='lat' dir='ltr'><strong>Palimpsesto.</strong></span> <span class='ocrx_word' id='word_1_321' title='bbox 971 3277 1115 3330; x_wconf 84' lang='lat' dir='ltr'><strong>Victorius</strong></span> 
     </span>
     <span class='ocr_line' id='line_1_37' title="bbox 21 3338 1114 3412; baseline 0.004 -12"><span class='ocrx_word' id='word_1_322' title='bbox 21 3338 51 3390; x_wconf 75' lang='lat' dir='ltr'><strong>V·</strong></span> <span class='ocrx_word' id='word_1_323' title='bbox 66 3345 96 3396; x_wconf 79' lang='grc' dir='ltr'><strong>ι.</strong></span> <span class='ocrx_word' id='word_1_324' title='bbox 112 3349 174 3402; x_wconf 92' lang='lat' dir='ltr'><strong>v11</strong></span> <span class='ocrx_word' id='word_1_325' title='bbox 191 3351 211 3402; x_wconf 82' lang='grc' dir='ltr'><strong>ιι</strong></span> <span class='ocrx_word' id='word_1_326' title='bbox 229 3353 326 3404; x_wconf 66' lang='lat' dir='ltr'><strong>raucas</strong></span> <span class='ocrx_word' id='word_1_327' title='bbox 341 3354 376 3402; x_wconf 73' lang='grc' dir='ltr'><strong>ιι</strong></span> <span class='ocrx_word' id='word_1_328' title='bbox 394 3350 458 3402; x_wconf 72' lang='grc' dir='ltr'><strong>ιι.</strong></span> <span class='ocrx_word' id='word_1_329' title='bbox 477 3352 567 3403; x_wconf 66' lang='lat' dir='ltr'><strong>noca.</strong></span> <span class='ocrx_word' id='word_1_330' title='bbox 583 3351 618 3400; x_wconf 71' lang='grc' dir='ltr'><strong>ιι</strong></span> <span class='ocrx_word' id='word_1_331' title='bbox 634 3349 723 3400; x_wconf 67' lang='lat' dir='ltr'><strong>nnis..</strong></span> <span class='ocrx_word' id='word_1_332' title='bbox 758 3351 792 3404; x_wconf 83' lang='grc' dir='ltr'><strong>οι</strong></span> <span class='ocrx_word' id='word_1_333' title='bbox 812 3351 879 3405; x_wconf 67' lang='lat' dir='ltr'><strong>asos</strong></span> <span class='ocrx_word' id='word_1_334' title='bbox 898 3349 1030 3412; x_wconf 64' lang='grc' dir='ltr'><strong>ἑκάστοις</strong></span> <span class='ocrx_word' id='word_1_335' title='bbox 1052 3370 1114 3405; x_wconf 71' lang='grc' dir='ltr'><strong><em>τοι·</em></strong></span> 
     </span>
     <span class='ocr_line' id='line_1_38' title="bbox 24 3415 1113 3495; baseline -0.004 -21"><span class='ocrx_word' id='word_1_336' title='bbox 24 3415 106 3481; x_wconf 65' lang='grc' dir='ltr'><em>αὐτην</em></span> <span class='ocrx_word' id='word_1_337' title='bbox 130 3419 253 3479; x_wconf 64' lang='grc' dir='ltr'><strong><em>ἔννοιαν</em></strong></span> <span class='ocrx_word' id='word_1_338' title='bbox 275 3427 465 3495; x_wconf 77' lang='grc' dir='ltr'><strong><em>ἐμποιοῦσιν,</em></strong></span> <span class='ocrx_word' id='word_1_339' title='bbox 493 3419 570 3487; x_wconf 59' lang='lat' dir='ltr'><strong>tice·</strong></span> <span class='ocrx_word' id='word_1_340' title='bbox 587 3439 611 3476; x_wconf 77' lang='grc' dir='ltr'><strong>τ.</strong></span> <span class='ocrx_word' id='word_1_341' title='bbox 631 3419 659 3475; x_wconf 86' lang='grc' dir='ltr'><strong>λ.</strong></span> <span class='ocrx_word' id='word_1_342' title='bbox 697 3418 837 3470; x_wconf 80' lang='lat' dir='ltr'><strong>llcmostlr.</strong></span> <span class='ocrx_word' id='word_1_343' title='bbox 862 3419 925 3470; x_wconf 83' lang='lat' dir='ltr'><strong>Plril</strong></span> <span class='ocrx_word' id='word_1_344' title='bbox 959 3420 985 3470; x_wconf 74' lang='grc' dir='ltr'><strong>ἃ.</strong></span> <span class='ocrx_word' id='word_1_345' title='bbox 1012 3418 1113 3489; x_wconf 76' lang='lat' dir='ltr'><strong>pillis</strong></span> 
     </span>
     <span class='ocr_line' id='line_1_39' title="bbox 23 3477 1113 3567; baseline 0.007 -30"><span class='ocrx_word' id='word_1_346' title='bbox 23 3477 106 3566; x_wconf 72' lang='grc' dir='ltr'><strong><em>Δοκεῖ</em></strong></span> <span class='ocrx_word' id='word_1_347' title='bbox 129 3510 184 3561; x_wconf 86' lang='grc' dir='ltr'><strong>μοι</strong></span> <span class='ocrx_word' id='word_1_348' title='bbox 204 3493 282 3548; x_wconf 69' lang='grc' dir='ltr'><strong>θεῶν</strong></span> <span class='ocrx_word' id='word_1_349' title='bbox 307 3513 350 3559; x_wconf 81' lang='grc' dir='ltr'><strong>τις</strong></span> <span class='ocrx_word' id='word_1_350' title='bbox 369 3495 423 3556; x_wconf 71' lang='grc' dir='ltr'><strong>τὴν</strong></span> <span class='ocrx_word' id='word_1_351' title='bbox 449 3489 730 3567; x_wconf 65' lang='grc' dir='ltr'><strong><em>φιλοπραγμοσύνην</em></strong></span> <span class='ocrx_word' id='word_1_352' title='bbox 753 3494 868 3558; x_wconf 75' lang='grc' dir='ltr'><strong><em>ταύτην</em></strong></span> <span class='ocrx_word' id='word_1_353' title='bbox 894 3489 1036 3565; x_wconf 71' lang='grc' dir='ltr'><strong>ἐμβαλεῖν</strong></span> <span class='ocrx_word' id='word_1_354' title='bbox 1060 3487 1113 3548; x_wconf 87' lang='grc' dir='ltr'><strong>Φι-</strong></span> 
     </span>
     <span class='ocr_line' id='line_1_40' title="bbox 25 3545 1062 3630; baseline 0.007 -22"><span class='ocrx_word' id='word_1_355' title='bbox 25 3545 112 3628; x_wconf 63' lang='lat' dir='ltr'><strong>inuno.</strong></span> <span class='ocrx_word' id='word_1_356' title='bbox 149 3579 176 3613; x_wconf 84' lang='lat' dir='ltr'><strong>s.</strong></span> <span class='ocrx_word' id='word_1_357' title='bbox 195 3564 281 3614; x_wconf 80' lang='lat' dir='ltr'><strong>Iliad.</strong></span> <span class='ocrx_word' id='word_1_358' title='bbox 298 3563 352 3623; x_wconf 81' lang='lat'><strong>19,</strong></span> <span class='ocrx_word' id='word_1_359' title='bbox 371 3561 412 3613; x_wconf 80' lang='lat'><strong>86</strong></span> <span class='ocrx_word' id='word_1_360' title='bbox 430 3579 507 3630; x_wconf 84' lang='lat' dir='ltr'><strong>seqq.</strong></span> <span class='ocrx_word' id='word_1_361' title='bbox 526 3562 562 3620; x_wconf 83' lang='lat'><strong>8.</strong></span> <span class='ocrx_word' id='word_1_362' title='bbox 582 3562 653 3615; x_wconf 70' lang='lat'><strong>9¹8.</strong></span> <span class='ocrx_word' id='word_1_363' title='bbox 1058 3618 1062 3626; x_wconf 26' lang='lat'><strong>¹</strong></span> 
     </span>
    </p>

    <p class='ocr_par' dir='ltr' id='par_1_12' title="bbox 25 3628 1223 3967">
     <span class='ocr_line' id='line_1_41' title="bbox 66 3628 1113 3704; baseline -0.011 -13"><span class='ocrx_word' id='word_1_364' title='bbox 66 3628 159 3690; x_wconf 46' lang='grc' dir='ltr'><strong>Ταῦ,</strong></span> <span class='ocrx_word' id='word_1_365' title='bbox 183 3639 336 3704; x_wconf 71' lang='grc' dir='ltr'><strong><em>εἰρωνικῶς</em></strong></span> <span class='ocrx_word' id='word_1_366' title='bbox 376 3638 451 3701; x_wconf 81' lang='lat' dir='ltr'><strong>usp.</strong></span> <span class='ocrx_word' id='word_1_367' title='bbox 468 3633 546 3684; x_wconf 86' lang='lat' dir='ltr'><strong>Sext.</strong></span> <span class='ocrx_word' id='word_1_368' title='bbox 569 3632 621 3684; x_wconf 72' lang='lat'><strong>192</strong></span> <span class='ocrx_word' id='word_1_369' title='bbox 658 3628 936 3689; x_wconf 69' lang='lat' dir='ltr'><strong>Senatnm&#39;eonsnles,</strong></span> <span class='ocrx_word' id='word_1_370' title='bbox 955 3628 1048 3688; x_wconf 78' lang='lat' dir='ltr'><strong>credo,</strong></span> <span class='ocrx_word' id='word_1_371' title='bbox 1067 3647 1113 3680; x_wconf 81' lang='lat' dir='ltr'><strong>oo·</strong></span> 
     </span>
     <span class='ocr_line' id='line_1_42' title="bbox 25 3675 1113 3770; baseline 0.006 -26"><span class='ocrx_word' id='word_1_372' title='bbox 25 3704 129 3758; x_wconf 73' lang='lat' dir='ltr'><strong>terrem,</strong></span> <span class='ocrx_word' id='word_1_373' title='bbox 148 3720 228 3768; x_wconf 79' lang='lat' dir='ltr'><strong>quem</strong></span> <span class='ocrx_word' id='word_1_374' title='bbox 245 3711 326 3754; x_wconf 84' lang='lat' dir='ltr'><strong>totum</strong></span> <span class='ocrx_word' id='word_1_375' title='bbox 339 3675 493 3756; x_wconf 75' lang='lat' dir='ltr'><strong>decivitate</strong></span> <span class='ocrx_word' id='word_1_376' title='bbox 507 3703 669 3754; x_wconf 78' lang='lat' dir='ltr'><strong>deleverant.</strong></span> <span class='ocrx_word' id='word_1_377' title='bbox 690 3731 722 3741; x_wconf 92' lang='lat'><strong>-·</strong></span> <span class='ocrx_word' id='word_1_378' title='bbox 760 3701 1016 3770; x_wconf 81' lang='lat' dir='ltr'><strong>circumscripsisset,</strong></span> <span class='ocrx_word' id='word_1_379' title='bbox 1036 3717 1113 3752; x_wconf 88' lang='lat' dir='ltr'><strong>coer·</strong></span> 
     </span>
     <span class='ocr_line' id='line_1_43' title="bbox 29 3763 1223 3842; baseline 0.011 -36"><span class='ocrx_word' id='word_1_380' title='bbox 29 3763 123 3820; x_wconf 80' lang='lat' dir='ltr'><strong>suisset.</strong></span> <span class='ocrx_word' id='word_1_381' title='bbox 161 3774 271 3826; x_wconf 79' lang='lat' dir='ltr'><strong>adA&#39;tt.</strong></span> <span class='ocrx_word' id='word_1_382' title='bbox 286 3773 397 3825; x_wconf 76' lang='lat' dir='ltr'>v119=</span> <span class='ocrx_word' id='word_1_383' title='bbox 435 3769 467 3824; x_wconf 78' lang='lat' dir='ltr'><strong>Si</strong></span> <span class='ocrx_word' id='word_1_384' title='bbox 479 3773 551 3841; x_wconf 79' lang='lat' dir='ltr'><strong>forte</strong></span> <span class='ocrx_word' id='word_1_385' title='bbox 567 3776 688 3825; x_wconf 75' lang='lat' dir='ltr'><strong>cribussus</strong></span> <span class='ocrx_word' id='word_1_386' title='bbox 700 3772 741 3842; x_wconf 88' lang='lat' dir='ltr'><strong>pl.</strong></span> <span class='ocrx_word' id='word_1_387' title='bbox 758 3780 875 3823; x_wconf 74' lang='lat' dir='ltr'><strong>sertatum</strong></span> <span class='ocrx_word' id='word_1_388' title='bbox 894 3771 1045 3840; x_wconf 56' lang='lat' dir='ltr'><strong>inpediens,</strong></span> <span class='ocrx_word' id='word_1_389' title='bbox 1064 3777 1113 3820; x_wconf 82' lang='lat' dir='ltr'><strong>aut</strong></span> <span class='ocrx_word' id='word_1_390' title='bbox 1216 3795 1223 3810; x_wconf 97' lang='lat'><strong>.</strong></span> 
     </span>
     <span class='ocr_line' id='line_1_44' title="bbox 25 3825 1112 3967; baseline 0 -75"><span class='ocrx_word' id='word_1_391' title='bbox 25 3835 135 3956; x_wconf 43' lang='lat' dir='ltr'><strong>wlpra</strong></span> <span class='ocrx_word' id='word_1_392' title='bbox 158 3844 292 3963; x_wconf 47' lang='lat' dir='ltr'><strong>incitans,</strong></span> <span class='ocrx_word' id='word_1_393' title='bbox 305 3850 448 3966; x_wconf 50' lang='lat' dir='ltr'><strong>temam·</strong></span> <span class='ocrx_word' id='word_1_394' title='bbox 480 3844 782 3967; x_wconf 43' lang='lat' dir='ltr'><strong>apthslcnlaltufisaorsxefiol</strong></span> <span class='ocrx_word' id='word_1_395' title='bbox 799 3825 1031 3964; x_wconf 58' lang='lat' dir='ltr'><strong>grcurmcriptus,</strong></span> <span class='ocrx_word' id='word_1_396' title='bbox 1064 3849 1112 3892; x_wconf 78' lang='lat' dir='ltr'><strong>aut</strong></span> 
     </span>
    </p>

    <p class='ocr_par' dir='ltr' id='par_1_13' title="bbox 78 3917 827 3969">
     <span class='ocr_line' id='line_1_45' title="bbox 78 3917 827 3969; baseline 0.009 -7"><span class='ocrx_word' id='word_1_397' title='bbox 78 3925 208 3969; x_wconf 59' lang='lat' dir='ltr'><strong>“marr</strong></span> <span class='ocrx_word' id='word_1_398' title='bbox 235 3917 418 3967; x_wconf 76' lang='lat' dir='ltr'><strong>exusserit.</strong></span> <span class='ocrx_word' id='word_1_399' title='bbox 457 3932 483 3967; x_wconf 81' lang='lat' dir='ltr'><strong>v.</strong></span> <span class='ocrx_word' id='word_1_400' title='bbox 541 3918 583 3966; x_wconf 57' lang='lat' dir='ltr'><strong>iu</strong></span> <span class='ocrx_word' id='word_1_401' title='bbox 678 3953 684 3966; x_wconf 91' lang='lat'><strong>.</strong></span> <span class='ocrx_word' id='word_1_402' title='bbox 822 3950 827 3964; x_wconf 87' lang='lat'><em>·</em></span> 
     </span>
    </p>

    <p class='ocr_par' dir='ltr' id='par_1_14' title="bbox 31 3933 1111 4487">
     <span class='ocr_line' id='line_1_46' title="bbox 73 3933 1111 4041; baseline 0.003 -10"><span class='ocrx_word' id='word_1_403' title='bbox 73 3975 93 4041; x_wconf 73' lang='grc'><strong>5-</strong></span> <span class='ocrx_word' id='word_1_404' title='bbox 112 3978 158 4032; x_wconf 80' lang='grc'><strong>89.</strong></span> <span class='ocrx_word' id='word_1_405' title='bbox 194 3933 320 4036; x_wconf 68' lang='lat' dir='ltr'><strong>virtulem</strong></span> <span class='ocrx_word' id='word_1_406' title='bbox 340 4015 371 4027; x_wconf 88' lang='lat'>-</span> <span class='ocrx_word' id='word_1_407' title='bbox 390 3993 525 4037; x_wconf 78' lang='lat' dir='ltr'><strong>vexatam.</strong></span> <span class='ocrx_word' id='word_1_408' title='bbox 560 3987 679 4038; x_wconf 80' lang='lat' dir='ltr'><strong>Adscivi</strong></span> <span class='ocrx_word' id='word_1_409' title='bbox 695 4003 754 4037; x_wconf 90' lang='lat' dir='ltr'><strong>cum</strong></span> <span class='ocrx_word' id='word_1_410' title='bbox 770 3983 894 4035; x_wconf 83' lang='lat' dir='ltr'><strong>Grutcro</strong></span> <span class='ocrx_word' id='word_1_411' title='bbox 913 3987 942 4034; x_wconf 88' lang='lat' dir='ltr'><strong>et</strong></span> <span class='ocrx_word' id='word_1_412' title='bbox 959 3979 1027 4034; x_wconf 84' lang='lat' dir='ltr'><strong>Gar.</strong></span> <span class='ocrx_word' id='word_1_413' title='bbox 1040 3979 1111 4034; x_wconf 83' lang='lat' dir='ltr'><strong>banc</strong></span> 
     </span>
     <span class='ocr_line' id='line_1_47' title="bbox 31 4032 1110 4122; baseline 0.018 -37"><span class='ocrx_word' id='word_1_414' title='bbox 31 4032 80 4094; x_wconf 78' lang='lat' dir='ltr'><strong>Eri.</strong></span> <span class='ocrx_word' id='word_1_415' title='bbox 98 4045 158 4103; x_wconf 82' lang='lat' dir='ltr'><strong>ccl.</strong></span> <span class='ocrx_word' id='word_1_416' title='bbox 172 4052 278 4107; x_wconf 88' lang='lat' dir='ltr'><strong>Werd.</strong></span> <span class='ocrx_word' id='word_1_417' title='bbox 292 4057 360 4110; x_wconf 78' lang='lat' dir='ltr'><strong>Bur.</strong></span> <span class='ocrx_word' id='word_1_418' title='bbox 375 4057 540 4116; x_wconf 85' lang='lat' dir='ltr'><strong>lectionem,</strong></span> <span class='ocrx_word' id='word_1_419' title='bbox 568 4058 596 4110; x_wconf 89' lang='lat' dir='ltr'><strong>in</strong></span> <span class='ocrx_word' id='word_1_420' title='bbox 615 4057 704 4108; x_wconf 88' lang='lat' dir='ltr'><strong>locum</strong></span> <span class='ocrx_word' id='word_1_421' title='bbox 722 4055 852 4122; x_wconf 80' lang='lat' dir='ltr'><strong>vulgatae</strong></span> <span class='ocrx_word' id='word_1_422' title='bbox 870 4053 1061 4122; x_wconf 55' lang='lat' dir='ltr'><strong>Iaggsvirnrn</strong></span> <span class='ocrx_word' id='word_1_423' title='bbox 1078 4081 1110 4092; x_wconf 94' lang='lat'><strong>-·</strong></span> 
     </span>
     <span class='ocr_line' id='line_1_48' title="bbox 32 4121 1110 4197; baseline -0.006 -17"><span class='ocrx_word' id='word_1_424' title='bbox 32 4121 155 4188; x_wconf 53' lang='lat' dir='ltr'><strong>lunum,</strong></span> <span class='ocrx_word' id='word_1_425' title='bbox 179 4141 257 4192; x_wconf 79' lang='lat' dir='ltr'><strong>qnam</strong></span> <span class='ocrx_word' id='word_1_426' title='bbox 272 4134 337 4197; x_wconf 88' lang='lat' dir='ltr'><strong>post</strong></span> <span class='ocrx_word' id='word_1_427' title='bbox 354 4126 457 4180; x_wconf 82' lang='lat' dir='ltr'><strong>Graes.</strong></span> <span class='ocrx_word' id='word_1_428' title='bbox 474 4127 757 4196; x_wconf 85' lang='lat' dir='ltr'><strong>recepitErnestius,</strong></span> <span class='ocrx_word' id='word_1_429' title='bbox 785 4123 859 4192; x_wconf 84' lang='lat' dir='ltr'><strong>qnod</strong></span> <span class='ocrx_word' id='word_1_430' title='bbox 874 4124 925 4174; x_wconf 88' lang='lat' dir='ltr'><strong>illa</strong></span> <span class='ocrx_word' id='word_1_431' title='bbox 944 4125 979 4176; x_wconf 90' lang='lat' dir='ltr'><strong>de</strong></span> <span class='ocrx_word' id='word_1_432' title='bbox 998 4123 1110 4176; x_wconf 83' lang='lat' dir='ltr'><strong>consule</strong></span> 
     </span>
     <span class='ocr_line' id='line_1_49' title="bbox 33 4185 1109 4264; baseline 0.012 -34"><span class='ocrx_word' id='word_1_433' title='bbox 33 4185 195 4256; x_wconf 69' lang='lat' dir='ltr'><strong>intelligenda</strong></span> <span class='ocrx_word' id='word_1_434' title='bbox 212 4197 301 4257; x_wconf 78' lang='lat' dir='ltr'><strong>foret,</strong></span> <span class='ocrx_word' id='word_1_435' title='bbox 331 4197 433 4250; x_wconf 81' lang='lat' dir='ltr'><strong>Cicero</strong></span> <span class='ocrx_word' id='word_1_436' title='bbox 450 4208 539 4250; x_wconf 88' lang='lat' dir='ltr'><strong>autem</strong></span> <span class='ocrx_word' id='word_1_437' title='bbox 556 4205 632 4257; x_wconf 82' lang='lat' dir='ltr'><strong>turn,</strong></span> <span class='ocrx_word' id='word_1_438' title='bbox 660 4215 719 4249; x_wconf 89' lang='lat' dir='ltr'><strong>cnm</strong></span> <span class='ocrx_word' id='word_1_439' title='bbox 740 4196 804 4264; x_wconf 71' lang='lat' dir='ltr'><strong>lege</strong></span> <span class='ocrx_word' id='word_1_440' title='bbox 821 4193 923 4246; x_wconf 85' lang='lat' dir='ltr'><strong>Clodia</strong></span> <span class='ocrx_word' id='word_1_441' title='bbox 943 4201 1109 4254; x_wconf 80' lang='lat' dir='ltr'><strong>vexaretur,</strong></span> 
     </span>
     <span class='ocr_line' id='line_1_50' title="bbox 34 4260 1109 4322; baseline 0.011 -20"><span class='ocrx_word' id='word_1_442' title='bbox 34 4260 166 4315; x_wconf 73' lang='lat' dir='ltr'><strong>consuleris</strong></span> <span class='ocrx_word' id='word_1_443' title='bbox 181 4267 274 4320; x_wconf 80' lang='lat' dir='ltr'><strong>tuerit.</strong></span> <span class='ocrx_word' id='word_1_444' title='bbox 310 4270 352 4320; x_wconf 80' lang='lat' dir='ltr'><strong>At</strong></span> <span class='ocrx_word' id='word_1_445' title='bbox 368 4276 443 4320; x_wconf 89' lang='lat' dir='ltr'><strong>recte</strong></span> <span class='ocrx_word' id='word_1_446' title='bbox 458 4278 550 4322; x_wconf 88' lang='lat' dir='ltr'><strong>monet</strong></span> <span class='ocrx_word' id='word_1_447' title='bbox 566 4268 634 4321; x_wconf 83' lang='lat' dir='ltr'><strong>Gar.</strong></span> <span class='ocrx_word' id='word_1_448' title='bbox 652 4269 775 4318; x_wconf 80' lang='lat' dir='ltr'><strong>virtutem</strong></span> <span class='ocrx_word' id='word_1_449' title='bbox 797 4265 961 4316; x_wconf 81' lang='lat' dir='ltr'><strong>consularem</strong></span> <span class='ocrx_word' id='word_1_450' title='bbox 980 4283 1038 4318; x_wconf 82' lang='lat' dir='ltr'><strong>esse</strong></span> <span class='ocrx_word' id='word_1_451' title='bbox 1055 4265 1109 4315; x_wconf 81' lang='lat' dir='ltr'><strong>vir-</strong></span> 
     </span>
     <span class='ocr_line' id='line_1_51' title="bbox 37 4323 1108 4410; baseline 0 -26"><span class='ocrx_word' id='word_1_452' title='bbox 37 4323 106 4378; x_wconf 66' lang='lat' dir='ltr'><strong>tute..</strong></span> <span class='ocrx_word' id='word_1_453' title='bbox 124 4333 151 4384; x_wconf 89' lang='lat' dir='ltr'><strong>in</strong></span> <span class='ocrx_word' id='word_1_454' title='bbox 166 4339 306 4390; x_wconf 81' lang='lat' dir='ltr'><strong>consulatu</strong></span> <span class='ocrx_word' id='word_1_455' title='bbox 328 4343 506 4410; x_wconf 82' lang='lat' dir='ltr'><strong>praestitam,</strong></span> <span class='ocrx_word' id='word_1_456' title='bbox 535 4356 648 4409; x_wconf 83' lang='lat' dir='ltr'><strong>enruque</strong></span> <span class='ocrx_word' id='word_1_457' title='bbox 669 4340 756 4408; x_wconf 86' lang='lat' dir='ltr'><strong>ipsam</strong></span> <span class='ocrx_word' id='word_1_458' title='bbox 781 4338 809 4388; x_wconf 88' lang='lat' dir='ltr'><strong>iu</strong></span> <span class='ocrx_word' id='word_1_459' title='bbox 837 4335 1108 4396; x_wconf 65' lang='lat' dir='ltr'><strong>Ciceronescxasae</strong></span> 
     </span>
     <span class='ocr_line' id='line_1_52' title="bbox 37 4385 1107 4487; baseline -0.002 -29"><span class='ocrx_word' id='word_1_460' title='bbox 37 4385 156 4487; x_wconf 62' lang='lat' dir='ltr'><strong>Gladim</strong></span> <span class='ocrx_word' id='word_1_461' title='bbox 191 4407 341 4464; x_wconf 78' lang='lat' dir='ltr'><strong>Praeterea</strong></span> <span class='ocrx_word' id='word_1_462' title='bbox 362 4410 435 4463; x_wconf 73' lang='lat' dir='ltr'><strong>neus</strong></span> <span class='ocrx_word' id='word_1_463' title='bbox 457 4413 544 4464; x_wconf 88' lang='lat' dir='ltr'><strong>miuus</strong></span> <span class='ocrx_word' id='word_1_464' title='bbox 567 4417 645 4463; x_wconf 82' lang='lat' dir='ltr'><strong>recte</strong></span> <span class='ocrx_word' id='word_1_465' title='bbox 664 4409 720 4480; x_wconf 82' lang='lat' dir='ltr'><strong>dici</strong></span> <span class='ocrx_word' id='word_1_466' title='bbox 740 4426 801 4460; x_wconf 79' lang='lat' dir='ltr'><strong>nex.</strong></span> <span class='ocrx_word' id='word_1_467' title='bbox 816 4409 957 4467; x_wconf 74' lang='lat' dir='ltr'><strong>virtutem.</strong></span> <span class='ocrx_word' id='word_1_468' title='bbox 984 4422 1064 4475; x_wconf 80' lang='lat' dir='ltr'><strong>quam</strong></span> <span class='ocrx_word' id='word_1_469' title='bbox 1080 4407 1107 4456; x_wconf 87' lang='lat' dir='ltr'><strong>iu</strong></span> 
     </span>
    </p>
   </div>
   <div class='ocr_carea' id='block_1_7' title="bbox 0 0 1389 5026">
    <p class='ocr_par' dir='ltr' id='par_1_15' title="bbox 0 0 1389 5026">
     <span class='ocr_line' id='line_1_53' title="bbox 0 0 1389 5026; baseline 0 0"><span class='ocrx_word' id='word_1_470' title='bbox 0 0 1389 5026; x_wconf 95' lang='lat' dir='ltr'><strong> </strong></span> 
     </span>
    </p>
   </div>
  </div>
 </body>
</html>
