2766 5018
379 365 472 424 rno
501 367 538 436 o.
565 365 795 424 cronnro.
1049 367 1160 446 ιω

1 553 2 562 ’
37 534 122 619 plex
142 531 252 598 tretris
275 531 411 612 salntem
432 532 525 614 petit.
568 554 682 616 quem,
703 531 798 596 huius
822 535 1003 598 admonitus
1027 535 1132 604 officio

1 635 8 652 ²
37 638 116 679 cum
138 618 284 700 utrisque
306 616 356 677 lris
380 616 523 690 dederis,
549 623 617 677 tres
638 617 755 679 fratres
779 617 918 698 optimos
941 619 1133 699 etl'integer·

1 731 8 738 ·
34 702 261 774 rimos,·non
291 699 394 760 solum
425 699 488 761 sihi
516 699 628 779 ipsos,
657 721 762 784 neque
792 701 844 760 his
876 708 927 761 tot
950 702 1130 764 rotalibus
1154 719 1156 729 ’

1 815 2 819 ’
33 783 139 855 viris,
160 803 265 865 neque
288 783 382 845 nohis
404 781 600 844 necessariis
623 783 710 856 suis,
725 783 794 858 'sed
815 781 911 844 etiam
932 785 1131 865 reipublicae

3 873 7 906 ῑ
37 865 294 928 condonaveris.
332 865 397 924 Fac
416 865 530 945 igitur,
552 865 639 947 quod
661 865 701 926 dc
723 864 852 926 homine
874 866 1076 928 nsrbilissimo
1100 869 1182 931 etit

2 969 6 977 ¹
37 948 239 1022 clarissimo,
260 948 307 1012 M.
326 947 498 1020 Marcello,
520 948 632 1008 fecisti
647 967 749 1028 nuper
766 949 801 1008 in
822 947 921 1022 curie,
944 971 1029 1010 nunc
1047 951 1134 1011 idem

1 1043 5 1047 ’
36 1033 78 1092 in
99 1031 173 1092 foro
196 1031 277 1094 deo
302 1029 402 1104 timis,
425 1038 458 1090 ct
478 1029 554 1090 huic
578 1030 664 1090 omni
680 1031 883 1114 frequentiae
896 1033 1134 1112 prohetissimi

6 1112 211 1176 -i'rctribus.
295 1120 308 1174 t
349 1113 543 1173 concessisti
571 1111 663 1172 illum
696 1113 846 1187 senatui,
866 1114 928 1184 *sic
968 1116 1009 1178 de
1048 1115 1141 1176 hune
1182 1160 1184 1168 ,

6 1218 11 1242 ³
36 1195 188 1279 populo,
211 1195 302 1257 euius
316 1194 523 1256 ‘voluntatem
546 1194 741 1255 carissimam
763 1217 889 1278 semper
906 1197 1071 1259 habuistis.
1090 1207 1136 1272 et,

1 1275 9 1328 ζ
40 1281 76 1340 si
97 1279 156 1339 ille
178 1278 248 1338 dies
270 1278 332 1338 tibi
353 1277 626 1357 gloriosissimus,
661 1278 732 1363 et¹)
755 1278 876 1361 populo
898 1277 1043 1342 Romano
1066 1301 1137 1360 gru·

1 1380 14 1403 ³·
40 1362 192 1422 tissimus
213 1362 287 1434 tuin
307 1360 395 1434 noli,
417 1361 551 1422 obsecro
575 1360 744 1436 dubitare,
768 1361 806 1422 G.
830 1361 975 1438 Caesar,
998 1363 1137 1431 similem

4 1455 13 1496 t
44 1444 102 1506 illi
130 1443 250 1526 gloriae
281 1443 409 1506 leudem
439 1465 533 1527 quem
565 1443 754 1525 saepissime
785 1465 951 1530 quaerere.
975 1467 977 1472 ·
1006 1443 1137 1536 njihi12)

7 1635 12 1664 ³
104 1632 135 1700 1)
153 1648 204 1683 om.
223 1640 257 1684 ct.
292 1630 324 1698 9)
341 1619 479 1684 Nihil'est
498 1633 567 1685 enisu
586 1637 650 1684 tem.

43 1831 108 1891 51,
127 1829 184 1882 99ι
222 1827 417 1888 Clitoumcbus,
437 1828 528 1888 borno,
546 1839 572 1881 et
586 1836 695 1888 acuties,
715 1839 745 1881 ut
762 1829 883 1890 Poenum,
902 1838 928 1881 et
944 1831 1025 1882 ualde
1040 1832 1141 1886 studio·

43 1921 92 1952 sus
112 1919 145 1952 ac
162 1900 286 1971 diligens.
321 1900 349 1950 in
367 1900 451 1985 Vere.
470 1899 557 1954 1142
586 1901 746 1976 Quaestum
764 1901 973 1952 studiosissimos
991 1901 1142 1971 destrueres

5 2069 6 2088 ,
41 1970 1143 2112 ξιὶἨἜἏΪιέἶέἰὶἵῗιῗΖῗῗῗ199...ῗιὲ.1ιῗέἓέ..19.].“ἓζ.ῗξ.ῗ2912ἶὲζὲ

9 2133 10 2137 ’
54 2112 187 2162 Ernestio
205 2112 379 2162 scribendum
397 2113 543 2162 ridebatur
560 2113 612 2163 sibi
630 2113 711 2180 ipsis,
737 2113 778 2162 uti
803 2111 899 2179 legunt
917 2110 981 2162 Por.
1002 2111 1022 2162 b
1048 2119 1075 2164 ct
1097 2113 1144 2166 10.

1 2193 9 2236 ἰ
55 2181 116 2232 Pro
133 2183 288 2232 necessariis
305 2182 376 2238 suis,
395 2181 474 2233 Purr.
499 2181 528 2234 9.
549 2182 596 2234 11.
622 2189 650 2234 et
667 2183 686 2232 ll
704 2199 787 2250 supro
806 2183 854 2233 lin.
873 2179 960 2232 Arch.
981 2181 1043 2233 Eri.
1063 2184 1144 2240 Rom.

7 2291 8 2303 .
58 2251 146 2303 Venn·
164 2248 266 2303 hahent
275 2269 370 2302 necess.
381 2253 442 2302 tuis.
460 2253 496 2303 In
504 2253 572 2306 Ber.
589 2252 653 2304 Col.
664 2253 764 2304 Dressl.
776 2251 849 2303 Οὔκ.
869 2257 934 2303 cett.
944 2252 1024 2302 Parc.
1034 2259 1062 2306 ct
1081 2254 1146 2304 dum

55 2321 108 2374 bus
129 2321 161 2372 1..
185 2322 264 2373 codd.
286 2322 420 2373 omittitur
444 2339 602 2391 pronomen.
637 2321 703 2374 Mox
727 2323 844 2392 quinque
866 2321 946 2374 Pars.
964 2321 1052 2378 Ascli.
1072 2323 1146 2382 011.

53 2390 228 2446 condonabis.
264 2393 323 2444 Sed
340 2409 365 2444 r.
384 2411 411 2460 p.
431 2393 462 2444 S.
480 2392 582 2444 Roscio
606 2393 629 2460 5.
651 2391 717 2444 150.

105 2461 141 2514 de
154 2461 257 2512 bomine
271 2491 303 2502 -·
315 2460 412 2530 [iecisti.
447 2463 550 2532 Agr-ar.
566 2462 600 2511 11
619 2461 653 2513 5ι
682 2460 780 2513 Omnia
794 2463 885 2531 potius
900 2459 1074 2531 perpetienda
1092 2479 1148 2512 csse

51 2531 140 2592 duco,
172 2550 250 2598 quam
274 2550 326 2582 non
343 2533 383 2582 ita
399 2532 540 2602 perendum
559 2533 738 2591 consulatum,
766 2539 796 2581 ut
810 2533 838 2582 in
856 2533 973 2583 occursibus
991 2533 1056 2592 meis
1066 2529 1149 2600 factis

6 2629 7 2642 ι
50 2611 137 2668 atquc
155 2602 292 2662 consiliis.
317 2611 431 2652 uestrum
448 2602 480 2652 dc
501 2621 540 2652 mc
557 2601 658 2670 factum
676 2602 865 2670 consiliumque
883 2603 1017 2660 laudetur.
1050 2601 1149 2654 verbs

4 2691 9 2715 2
51 2673 97 2726 Μ.
116 2673 266 2732 Marcello,
294 2671 741 2742 queesbGol.etE1-i.m.pr.
762 2673 874 2732 meunt,
905 2691 957 2742 pro
982 2674 1148 2740 interprete·

1 2781 4 2789 .
51 2745 131 2795 tione
151 2745 291 2813 adscripta
310 2759 368 2794 esse
387 2744 493 2794 censuit
511 2742 664 2803 Graevius,
685 2761 745 2797 eum
763 2743 866 2794 Romae
886 2746 952 2795 satis
975 2743 1148 2810 intelligere·

50 2821 121 2873 tur,
149 2831 228 2880 quem
252 2813 354 2864 Cicero
380 2812 556 2880 significaret.
594 2813 711 2866 Glossae
736 2815 916 2882 suspicionem
939 2820 1048 2865 movent
1067 2813 1148 2863 etism

3 2925 4 2928 η
50 2885 138 2934 Pers.
156 2883 185 2934 9.
204 2889 233 2935 et
253 2883 299 2936 11.
318 2881 453 2952 [01ι.]ι
479 2883 511 2934 de
526 2883 630 2935 bomine
646 2885 686 2936 M.
702 2884 834 2934 Marcello
855 2883 1020 2935 nobilissimo
1045 2881 1103 2949 [9³
1122 2889 1149 2938 ct

1 2996 3 3002 ,
52 2954 226 3022 clarissimo]
251 2952 342 3021 fecisti
363 2952 530 3008 exhibentes.
566 2956 634 3007 Bar.
654 2962 717 3007 octo
734 2955 814 3018 Pers.¹
843 2952 924 3020 [Eri.
944 2959 972 3004 et
989 2951 1054 3002 Per.
1074 2951 1101 3004 9.
1120 2953 1149 3002 iu

51 3023 162 3092 marm]
183 3021 256 3082 Οὔκ,
274 3025 334 3076 cdd.
353 3024 433 3077 Rom.
451 3025 554 3077 Venus
576 3025 616 3076 M.
635 3025 768 3076 Marcello
786 3023 925 3083 restituto,·
945 3023 1010 3074 Por.
1029 3020 1049 3072 li
1066 3039 1150 3092 nuper

50 3095 179 3148 restitute
197 3094 225 3144 in
242 3095 327 3144 curia.
858 3147 863 3158 ,

115 3164 150 3220 Ut
175 3165 335 3216 concessisti.
378 3163 539 3214 Consedere
558 3162 641 3214 elicui
660 3162 777 3230 aliquem
797 3165 839 3214 est
857 3163 1011 3214 condonare
1030 3160 1149 3230 aliquem

51 3235 168 3293 elicui,¹
183 3237 227 3286 rel
246 3235 336 3303 potius
354 3233 484 3301 precibus
504 3234 635 3302 alicujus,
664 3251 732 3300 quoe
751 3249 804 3284 vox
822 3249 903 3302 saepe
923 3234 1018 3284 additu
1035 3232 1148 3300 legitur.

51 3308 106 3357 stc
127 3301 410 3373 spernentis
446 3303 510 3354 Piso
530 3301 641 3371 offensus
658 3304 719 3353 urbi
732 3303 846 3372 propria
864 3319 966 3371 quoquc
992 3303 1052 3361 ira,
1084 3303 1150 3370 quia

55 3375 234 3445 Tbeopbilum
259 3374 403 3442 quendam,
430 3373 504 3423 Areo
522 3373 628 3444 judicio
655 3371 722 3442 falsi
746 3373 913 3432 damastrin,
943 3373 1067 3445 precibus
1092 3373 1148 3428 suis

50 3465 109 3498 non
136 3445 314 3498 concederent.
348 3461 374 3496 r.
394 3444 462 3495 ibid.
480 3443 524 3495 lv
542 3443 590 3496 51.
616 3449 644 3496 ct
668 3443 729 3496 cic.
750 3461 778 3514 p.
796 3443 883 3494 Marc.
913 3444 937 3512 5.
955 3443 983 3496 5.
1019 3443 1148 3496 Proxime
1224 3435 1229 3445 ⁸

51 3516 167 3569 aceedit
184 3517 288 3568 locutio
306 3511 446 3568 concedere
465 3515 548 3567 alicui
566 3513 679 3580 aliquid.
717 3514 750 3565 de
768 3513 851 3564 Prov.
871 3513 954 3566 Coos.
976 3511 1030 3564 182
1064 3512 1147 3562 Dolo-

49 3607 111 3640 rem
134 3587 391 3652 atqueinimicitias
415 3585 576 3654 reipublicae
601 3585 757 3636 concessisse
776 3585 865 3654 mupni
882 3583 1017 3654 cnjrcsdarn
1034 3581 1148 3634 bontbsis

50 3667 81 3709 et
104 3657 283 3726 persapientis
307 3657 421 3707 uidetur.
458 3674 485 3725 p.
511 3655 574 3707 Clu.
596 3654 653 3707 692
687 3655 770 3704 Multi
787 3672 865 3724 saepe
883 3655 912 3704 in
920 3652 1078 3724 judicando
1088 3671 1147 3722 pecs

50 3736 120 3782 enta
139 3725 249 3778 liberum
264 3735 404 3798 pareutum
421 3726 619 3778 misericordiae
637 3735 835 3776 concesserunt:
863 3742 909 3775 uos
926 3741 958 3774 nc
975 3723 1054 3792 bnjns
1069 3724 1148 3775 boue·

49 3799 171 3850 ctissime
197 3804 283 3864 ustam
301 3799 383 3848 vitam
401 3797 494 3846 matris
511 3795 666 3848 cnsdelitati
684 3795 835 3846 condonetis
854 3800 983 3864 supernus.
1018 3811 1044 3846 v.
1062 3794 1148 3852 Verr.

49 3867 141 3922 149.
178 3867 294 3936 Saepius
313 3869 394 3919 etiem
412 3868 507 3918 codem
525 3869 585 3918 tere
604 3883 684 3917 sensu
702 3865 840 3917 concedere
859 3883 920 3932 eum¹
936 3863 1028 3916 dativo
1052 3883 1148 3934 perso·

50 3955 106 3991 nse
136 3939 180 3990 rel
206 3939 249 3989 rei
273 3937 376 4006 absque
398 3939 553 3989 accusativo
576 3938 687 4004 legitur.
723 3937 806 3988 Vesr.
825 3932 949 3986 111962
985 3935 1147 3986 Praeclarus

49 4025 120 4062 uere
145 4009 283 4060 existimas
301 4008 409 4077 judices
435 4024 482 4058 nos
508 4008 620 4064 babere,
647 4024 711 4072 quos
730 4007 827 4056 alicnis
841 4007 960 4073 pcccatis
978 4005 1146 4057 concessuros

45 4087 141 4152 pestes.
176 4080 251 4130 Fam.
269 4078 314 4129 vl
331 4075 367 4128 6ι
404 4075 506 4128 Cacsar
522 4097 574 4128 non
587 4081 667 4146 putat
685 4094 713 4126 sc
730 4077 859 4126 sustinere
876 4092 971 4126 causas
985 4093 1064 4146 posse
1082 4077 1147 4126 nsul-
1237 4133 1242 4141 .

50 4160 161 4209 teram,
186 4151 212 4202 si
229 4150 293 4207 tibi,
318 4149 363 4209 cni
370 4148 474 4218 justius
492 4148 598 4201 uidetur
615 4148 697 4198 irasci
711 4163 803 4214 posse,
831 4147 994 4198 concesserit.
1016 4175 1048 4218 -ς
1074 4164 1098 4198 v.
1118 4165 1145 4214 p.

51 4223 87 4274 8.
116 4217 198 4272 Rosc.
224 4221 246 4288 5.
271 4218 299 4271 5.
341 4219 376 4269 Ῑιι
402 4219 494 4270 verbis
519 4236 595 4290 seqq.
619 4235 709 4269 omncs
734 4217 814 4268 Pers.
839 4215 927 4268 Areh.
951 4217 1020 4268 Ber.
1047 4215 1146 4286 [nrt]

53 4290 132 4346 05¹.
153 4289 230 4343 Rom.
249 4297 274 4340 et
290 4289 387 4360 populo
406 4289 545 4352 Romarm
578 4289 650 4341 021.
669 4289 758 4339 Venn.
777 4292 843 4338 text.
862 4293 889 4336 et
905 4285 1075 4356 reipublicae.

110 4359 191 4414 ttttn
207 4368 247 4416 est
264 4367 319 4412 tans
332 4360 477 4432 populare,
497 4368 638 4433 acceptum
657 4358 716 4414 scil.
735 4355 1052 4477 populohal’articulam
1068 4357 1144 4428 enirn,
