<?xml version="1.0" encoding="UTF-8"?>
<!DOCTYPE html PUBLIC "-//W3C//DTD XHTML 1.0 Transitional//EN"
    "http://www.w3.org/TR/xhtml1/DTD/xhtml1-transitional.dtd">
<html xmlns="http://www.w3.org/1999/xhtml" xml:lang="en" lang="en">
 <head>
  <title>
</title>
<meta http-equiv="Content-Type" content="text/html;charset=utf-8" />
  <meta name='ocr-system' content='tesseract 3.04.00' />
  <meta name='ocr-capabilities' content='ocr_page ocr_carea ocr_par ocr_line ocrx_word'/>
</head>
<body>
  <div class='ocr_page' id='page_1' title='image "./mtulliiciceroni67cicegoog/mtulliiciceroni67cicegoog_0093.png"; bbox 0 0 2802 5028; ppageno 0'>
   <div class='ocr_carea' id='block_1_1' title="bbox 501 193 632 250">
    <p class='ocr_par' dir='ltr' id='par_1_1' title="bbox 501 193 632 250">
     <span class='ocr_line' id='line_1_1' title="bbox 501 193 632 250; baseline -0.008 -27"><span class='ocrx_word' id='word_1_1' title='bbox 501 203 508 250; x_wconf 71' lang='lat' dir='ltr'><strong>p</strong></span> <span class='ocrx_word' id='word_1_2' title='bbox 626 193 632 222; x_wconf 86' lang='lat' dir='ltr'><strong>t</strong></span> 
     </span>
    </p>
   </div>
   <div class='ocr_carea' id='block_1_2' title="bbox 264 321 976 440">
    <p class='ocr_par' dir='ltr' id='par_1_2' title="bbox 264 321 976 440">
     <span class='ocr_line' id='line_1_2' title="bbox 264 321 976 440; baseline 0 -26"><span class='ocrx_word' id='word_1_3' title='bbox 264 363 320 440; x_wconf 60' lang='grc' dir='ltr'><em>ῃ</em></span> <span class='ocrx_word' id='word_1_4' title='bbox 644 321 976 414; x_wconf 75' lang='lat' dir='ltr'><strong>cunero</strong></span> 
     </span>
    </p>
   </div>
   <div class='ocr_carea' id='block_1_3' title="bbox 217 525 1335 2106">
    <p class='ocr_par' dir='ltr' id='par_1_3' title="bbox 217 499 1378 2106">
     <span class='ocr_line' id='line_1_3' title="bbox 264 525 1322 610; baseline -0.007 -17"><span class='ocrx_word' id='word_1_5' title='bbox 264 528 471 594; x_wconf 82' lang='lat' dir='ltr'><strong>multitudine</strong></span> <span class='ocrx_word' id='word_1_6' title='bbox 490 547 598 591; x_wconf 84' lang='lat' dir='ltr'><strong>earum</strong></span> <span class='ocrx_word' id='word_1_7' title='bbox 619 547 747 599; x_wconf 88' lang='lat' dir='ltr'><strong>rerum,</strong></span> <span class='ocrx_word' id='word_1_8' title='bbox 770 545 852 610; x_wconf 84' lang='lat' dir='ltr'><strong>qnae</strong></span> <span class='ocrx_word' id='word_1_9' title='bbox 874 534 1107 609; x_wconf 68' lang='lat' dir='ltr'><strong>exponuntur,</strong></span> <span class='ocrx_word' id='word_1_10' title='bbox 1138 525 1233 588; x_wconf 83' lang='lat' dir='ltr'><strong>facile</strong></span> <span class='ocrx_word' id='word_1_11' title='bbox 1250 528 1322 586; x_wconf 78' lang='lat' dir='ltr'><strong>onn-</strong></span> 
     </span>
     <span class='ocr_line' id='line_1_4' title="bbox 263 607 1324 693; baseline -0.008 -17"><span class='ocrx_word' id='word_1_12' title='bbox 263 617 325 676; x_wconf 81' lang='lat' dir='ltr'><strong>hus</strong></span> <span class='ocrx_word' id='word_1_13' title='bbox 347 613 443 674; x_wconf 79' lang='lat' dir='ltr'><strong>terris</strong></span> <span class='ocrx_word' id='word_1_14' title='bbox 466 609 651 672; x_wconf 85' lang='lat' dir='ltr'><strong>antecellat.</strong></span> <span class='ocrx_word' id='word_1_15' title='bbox 700 611 817 693; x_wconf 76' lang='lat' dir='ltr'><strong>Itaque</strong></span> <span class='ocrx_word' id='word_1_16' title='bbox 839 607 920 669; x_wconf 73' lang='lat' dir='ltr'><strong>lrae&#39;o</strong></span> <span class='ocrx_word' id='word_1_17' title='bbox 943 609 1035 672; x_wconf 87' lang='lat' dir='ltr'><strong>vobis</strong></span> <span class='ocrx_word' id='word_1_18' title='bbox 1057 611 1240 691; x_wconf 74' lang='lat' dir='ltr'><strong>provincia,</strong></span> <span class='ocrx_word' id='word_1_19' title='bbox 1267 609 1324 686; x_wconf 83' lang='lat' dir='ltr'><strong>Qni-</strong></span> 
     </span>
     <span class='ocr_line' id='line_1_5' title="bbox 266 693 1324 774; baseline -0.009 -15"><span class='ocrx_word' id='word_1_20' title='bbox 266 699 361 769; x_wconf 88' lang='lat' dir='ltr'><strong>rites‚</strong></span> <span class='ocrx_word' id='word_1_21' title='bbox 384 697 413 757; x_wconf 89' lang='lat' dir='ltr'><strong>si</strong></span> <span class='ocrx_word' id='word_1_22' title='bbox 435 702 468 755; x_wconf 92' lang='lat' dir='ltr'><strong>et</strong></span> <span class='ocrx_word' id='word_1_23' title='bbox 488 693 570 755; x_wconf 84' lang='lat' dir='ltr'><strong>belli</strong></span> <span class='ocrx_word' id='word_1_24' title='bbox 591 693 766 754; x_wconf 77' lang='lat' dir='ltr'><strong>utilitatem</strong></span> <span class='ocrx_word' id='word_1_25' title='bbox 790 698 823 752; x_wconf 86' lang='lat' dir='ltr'><strong>et</strong></span> <span class='ocrx_word' id='word_1_26' title='bbox 843 693 934 774; x_wconf 84' lang='lat' dir='ltr'><strong>pacis</strong></span> <span class='ocrx_word' id='word_1_27' title='bbox 963 693 1153 774; x_wconf 73' lang='lat' dir='ltr'><strong>dignitatem</strong></span> <span class='ocrx_word' id='word_1_28' title='bbox 1174 693 1297 753; x_wconf 88' lang='lat' dir='ltr'><strong>retinere</strong></span> <span class='ocrx_word' id='word_1_29' title='bbox 1306 695 1324 772; x_wconf 78' lang='lat'><strong>¹)</strong></span> 
     </span>
     <span class='ocr_line' id='line_1_6' title="bbox 265 775 1326 854; baseline -0.01 -10"><span class='ocrx_word' id='word_1_30' title='bbox 265 781 386 854; x_wconf 80' lang='lat' dir='ltr'><strong>vultis,</strong></span> <span class='ocrx_word' id='word_1_31' title='bbox 407 798 473 837; x_wconf 89' lang='lat' dir='ltr'><strong>non</strong></span> <span class='ocrx_word' id='word_1_32' title='bbox 491 777 586 838; x_wconf 90' lang='lat' dir='ltr'><strong>modo</strong></span> <span class='ocrx_word' id='word_1_33' title='bbox 609 798 627 836; x_wconf 81' lang='lat' dir='ltr'><strong>a</strong></span> <span class='ocrx_word' id='word_1_34' title='bbox 650 775 853 848; x_wconf 82' lang='lat' dir='ltr'><strong>calamitate,</strong></span> <span class='ocrx_word' id='word_1_35' title='bbox 883 776 943 835; x_wconf 86' lang='lat' dir='ltr'><strong>sed</strong></span> <span class='ocrx_word' id='word_1_36' title='bbox 965 777 1062 854; x_wconf 79' lang='lat' dir='ltr'><strong>etium</strong></span> <span class='ocrx_word' id='word_1_37' title='bbox 1083 801 1100 836; x_wconf 89' lang='lat' dir='ltr'><strong>a</strong></span> <span class='ocrx_word' id='word_1_38' title='bbox 1122 785 1209 836; x_wconf 88' lang='lat' dir='ltr'><strong>metu</strong></span> <span class='ocrx_word' id='word_1_39' title='bbox 1229 775 1326 836; x_wconf 80' lang='lat' dir='ltr'><strong>colani-</strong></span> 
     </span>
     <span class='ocr_line' id='line_1_7' title="bbox 265 856 1327 942; baseline -0.009 -17"><span class='ocrx_word' id='word_1_40' title='bbox 265 864 344 926; x_wconf 91' lang='lat' dir='ltr'><strong>tatis</strong></span> <span class='ocrx_word' id='word_1_41' title='bbox 367 870 418 923; x_wconf 91' lang='lat' dir='ltr'><strong>est</strong></span> <span class='ocrx_word' id='word_1_42' title='bbox 441 859 655 920; x_wconf 82' lang='lat' dir='ltr'><strong>defendenda.</strong></span> <span class='ocrx_word' id='word_1_43' title='bbox 698 858 779 918; x_wconf 82' lang='lat' dir='ltr'><strong>Nam</strong></span> <span class='ocrx_word' id='word_1_44' title='bbox 798 857 833 916; x_wconf 90' lang='lat' dir='ltr'><strong>in</strong></span> <span class='ocrx_word' id='word_1_45' title='bbox 855 858 973 919; x_wconf 83' lang='lat' dir='ltr'><strong>ceteris</strong></span> <span class='ocrx_word' id='word_1_46' title='bbox 996 858 1093 920; x_wconf 78' lang='lat' dir='ltr'><strong>ro‘bus</strong></span> <span class='ocrx_word' id='word_1_47' title='bbox 1105 856 1134 942; x_wconf 87' lang='lat'><strong>²)</strong></span> <span class='ocrx_word' id='word_1_48' title='bbox 1145 860 1159 933; x_wconf 72' lang='grc'><strong>,’</strong></span> <span class='ocrx_word' id='word_1_49' title='bbox 1178 881 1246 919; x_wconf 92' lang='lat' dir='ltr'><strong>cum</strong></span> <span class='ocrx_word' id='word_1_50' title='bbox 1264 859 1327 916; x_wconf 82' lang='lat' dir='ltr'><strong>venit</strong></span> 
     </span>
     <span class='ocr_line' id='line_1_8' title="bbox 267 940 1326 1022; baseline -0.009 -14"><span class='ocrx_word' id='word_1_51' title='bbox 267 945 451 1018; x_wconf 87' lang='lat' dir='ltr'><strong>calamitas,</strong></span> <span class='ocrx_word' id='word_1_52' title='bbox 482 951 551 1003; x_wconf 87' lang='lat' dir='ltr'><strong>tum</strong></span> <span class='ocrx_word' id='word_1_53' title='bbox 572 942 799 1002; x_wconf 79' lang='lat' dir='ltr'><strong>detrimentum</strong></span> <span class='ocrx_word' id='word_1_54' title='bbox 821 940 992 1022; x_wconf 78' lang='lat' dir='ltr'><strong>accipitur.</strong></span> <span class='ocrx_word' id='word_1_55' title='bbox 1026 950 1060 1002; x_wconf 85' lang='lat' dir='ltr'><strong>at</strong></span> <span class='ocrx_word' id='word_1_56' title='bbox 1088 941 1123 1000; x_wconf 89' lang='lat' dir='ltr'><strong>in</strong></span> <span class='ocrx_word' id='word_1_57' title='bbox 1136 940 1326 1022; x_wconf 71' lang='lat' dir='ltr'><strong>&#39;vectigalibus</strong></span> 
     </span>
     <span class='ocr_line' id='line_1_9' title="bbox 266 1013 1329 1106; baseline -0.009 -15"><span class='ocrx_word' id='word_1_58' title='bbox 266 1027 466 1091; x_wconf 26' lang='lat' dir='ltr'><strong>uonisolum</strong></span> <span class='ocrx_word' id='word_1_59' title='bbox 496 1027 653 1088; x_wconf 78' lang='lat' dir='ltr'><strong>adventus</strong></span> <span class='ocrx_word' id='word_1_60' title='bbox 684 1023 779 1096; x_wconf 90' lang='lat' dir='ltr'><strong>mali,</strong></span> <span class='ocrx_word' id='word_1_61' title='bbox 819 1024 879 1084; x_wconf 88' lang='lat' dir='ltr'><strong>sed</strong></span> <span class='ocrx_word' id='word_1_62' title='bbox 910 1025 1006 1086; x_wconf 89' lang='lat' dir='ltr'><strong>etiam</strong></span> <span class='ocrx_word' id='word_1_63' title='bbox 1036 1013 1141 1086; x_wconf 69' lang='lat' dir='ltr'><strong>mdtus</strong></span> <span class='ocrx_word' id='word_1_64' title='bbox 1171 1025 1240 1106; x_wconf 91' lang='lat' dir='ltr'><strong>ipse</strong></span> <span class='ocrx_word' id='word_1_65' title='bbox 1265 1024 1329 1082; x_wconf 87' lang='lat' dir='ltr'><strong>allert</strong></span> 
     </span>
     <span class='ocr_line' id='line_1_10' title="bbox 227 1105 1329 1189; baseline -0.009 -16"><span class='ocrx_word' id='word_1_66' title='bbox 227 1106 490 1174; x_wconf 73' lang='lat' dir='ltr'><strong>lllcalamitatem.</strong></span> <span class='ocrx_word' id='word_1_67' title='bbox 534 1109 614 1169; x_wconf 88' lang='lat' dir='ltr'><strong>Nam</strong></span> <span class='ocrx_word' id='word_1_68' title='bbox 637 1129 709 1167; x_wconf 89' lang='lat' dir='ltr'><strong>cum</strong></span> <span class='ocrx_word' id='word_1_69' title='bbox 730 1105 871 1167; x_wconf 87' lang='lat' dir='ltr'><strong>hostium</strong></span> <span class='ocrx_word' id='word_1_70' title='bbox 892 1108 1007 1187; x_wconf 88' lang='lat' dir='ltr'><strong>copiae</strong></span> <span class='ocrx_word' id='word_1_71' title='bbox 1030 1129 1095 1169; x_wconf 89' lang='lat' dir='ltr'><strong>non</strong></span> <span class='ocrx_word' id='word_1_72' title='bbox 1116 1107 1213 1189; x_wconf 72' lang='lat' dir='ltr'><strong>longe</strong></span> <span class='ocrx_word' id='word_1_73' title='bbox 1231 1107 1329 1176; x_wconf 83' lang='lat' dir='ltr'><strong>absunt,</strong></span> 
     </span>
     <span class='ocr_line' id='line_1_11' title="bbox 267 1182 1330 1273; baseline -0.009 -16"><span class='ocrx_word' id='word_1_74' title='bbox 267 1195 394 1257; x_wconf 85' lang='lat' dir='ltr'><strong>etiamsi</strong></span> <span class='ocrx_word' id='word_1_75' title='bbox 414 1192 553 1272; x_wconf 82' lang='lat' dir='ltr'><strong>irruptio</strong></span> <span class='ocrx_word' id='word_1_76' title='bbox 576 1190 667 1250; x_wconf 79' lang='lat' dir='ltr'><strong>nulla</strong></span> <span class='ocrx_word' id='word_1_77' title='bbox 682 1191 769 1250; x_wconf 83' lang='lat' dir='ltr'><strong>faeta</strong></span> <span class='ocrx_word' id='word_1_78' title='bbox 787 1190 894 1273; x_wconf 81' lang='lat' dir='ltr'><strong>cst³)‚</strong></span> <span class='ocrx_word' id='word_1_79' title='bbox 914 1198 1022 1251; x_wconf 87' lang='lat' dir='ltr'><strong>tamen</strong></span> <span class='ocrx_word' id='word_1_80' title='bbox 1036 1212 1158 1272; x_wconf 86' lang='lat' dir='ltr'><strong>pecora</strong></span> <span class='ocrx_word' id='word_1_81' title='bbox 1174 1182 1330 1273; x_wconf 80' lang='lat' dir='ltr'><strong>relinquun-</strong></span> 
     </span>
     <span class='ocr_line' id='line_1_12' title="bbox 266 1273 1335 1357; baseline -0.009 -18"><span class='ocrx_word' id='word_1_82' title='bbox 266 1287 341 1352; x_wconf 88' lang='lat' dir='ltr'><strong>tur,</strong></span> <span class='ocrx_word' id='word_1_83' title='bbox 364 1275 562 1357; x_wconf 79' lang='lat' dir='ltr'><strong>agricultura</strong></span> <span class='ocrx_word' id='word_1_84' title='bbox 578 1273 760 1345; x_wconf 87' lang='lat' dir='ltr'><strong>deseritur,</strong></span> <span class='ocrx_word' id='word_1_85' title='bbox 782 1281 994 1340; x_wconf 86' lang='lat' dir='ltr'><strong>mercatorum</strong></span> <span class='ocrx_word' id='word_1_86' title='bbox 1010 1273 1173 1354; x_wconf 79' lang='lat' dir='ltr'><strong>navigatio</strong></span> <span class='ocrx_word' id='word_1_87' title='bbox 1190 1273 1335 1356; x_wconf 88' lang='lat' dir='ltr'><strong>conquies·&#39;</strong></span> 
     </span>
     <span class='ocr_line' id='line_1_13' title="bbox 217 1347 1331 1458; baseline -0.006 -38"><span class='ocrx_word' id='word_1_88' title='bbox 217 1412 221 1420; x_wconf 95' lang='lat'><strong>.</strong></span> <span class='ocrx_word' id='word_1_89' title='bbox 269 1361 336 1458; x_wconf 35' lang='lat' dir='ltr'><strong>cit.)</strong></span> <span class='ocrx_word' id='word_1_90' title='bbox 356 1361 403 1420; x_wconf 91' lang='lat' dir='ltr'><strong>ita</strong></span> <span class='ocrx_word' id='word_1_91' title='bbox 428 1379 533 1443; x_wconf 85' lang='lat' dir='ltr'><strong>neque</strong></span> <span class='ocrx_word' id='word_1_92' title='bbox 567 1379 607 1418; x_wconf 85' lang='lat' dir='ltr'><strong>ex</strong></span> <span class='ocrx_word' id='word_1_93' title='bbox 631 1364 748 1440; x_wconf 85' lang='lat' dir='ltr'><strong>portu,</strong></span> <span class='ocrx_word' id='word_1_94' title='bbox 788 1377 893 1440; x_wconf 88' lang='lat' dir='ltr'><strong>neque</strong></span> <span class='ocrx_word' id='word_1_95' title='bbox 924 1377 963 1415; x_wconf 86' lang='lat' dir='ltr'><strong>ex</strong></span> <span class='ocrx_word' id='word_1_96' title='bbox 990 1347 1156 1430; x_wconf 80' lang='lat' dir='ltr'><strong>decumis,</strong></span> <span class='ocrx_word' id='word_1_97' title='bbox 1195 1378 1290 1440; x_wconf 85' lang='lat' dir='ltr'><strong>neque</strong></span> <span class='ocrx_word' id='word_1_98' title='bbox 1307 1376 1331 1415; x_wconf 82' lang='lat' dir='ltr'><strong>ex</strong></span> 
     </span>
     <span class='ocr_line' id='line_1_14' title="bbox 269 1439 1330 1524; baseline -0.008 -19"><span class='ocrx_word' id='word_1_99' title='bbox 269 1451 431 1524; x_wconf 86' lang='lat' dir='ltr'><strong>scrrptura</strong></span> <span class='ocrx_word' id='word_1_100' title='bbox 459 1440 601 1522; x_wconf 73' lang='lat' dir='ltr'><strong>vectigal</strong></span> <span class='ocrx_word' id='word_1_101' title='bbox 632 1440 817 1506; x_wconf 85' lang='lat' dir='ltr'><strong>conservari</strong></span> <span class='ocrx_word' id='word_1_102' title='bbox 844 1447 965 1520; x_wconf 89' lang='lat' dir='ltr'><strong>potest.</strong></span> <span class='ocrx_word' id='word_1_103' title='bbox 1006 1459 1105 1522; x_wconf 86' lang='lat' dir='ltr'><strong>quare</strong></span> <span class='ocrx_word' id='word_1_104' title='bbox 1134 1461 1231 1520; x_wconf 82' lang='lat' dir='ltr'><strong>saepe</strong></span> <span class='ocrx_word' id='word_1_105' title='bbox 1257 1439 1330 1498; x_wconf 87' lang='lat' dir='ltr'><strong>totius</strong></span> 
     </span>
     <span class='ocr_line' id='line_1_15' title="bbox 270 1521 1331 1607; baseline -0.008 -20"><span class='ocrx_word' id='word_1_106' title='bbox 270 1527 346 1588; x_wconf 86' lang='lat' dir='ltr'><strong>unni</strong></span> <span class='ocrx_word' id='word_1_107' title='bbox 367 1526 491 1606; x_wconf 71' lang='lat' dir='ltr'><strong>fruetus</strong></span> <span class='ocrx_word' id='word_1_108' title='bbox 514 1546 578 1585; x_wconf 92' lang='lat' dir='ltr'><strong>uno</strong></span> <span class='ocrx_word' id='word_1_109' title='bbox 599 1544 724 1584; x_wconf 87' lang='lat' dir='ltr'><strong>rumore</strong></span> <span class='ocrx_word' id='word_1_110' title='bbox 745 1521 904 1607; x_wconf 71' lang='lat' dir='ltr'><strong>periculi,</strong></span> <span class='ocrx_word' id='word_1_111' title='bbox 927 1531 1024 1607; x_wconf 87' lang='lat' dir='ltr'><strong>atque</strong></span> <span class='ocrx_word' id='word_1_112' title='bbox 1043 1544 1107 1584; x_wconf 89' lang='lat' dir='ltr'><strong>uno</strong></span> <span class='ocrx_word' id='word_1_113' title='bbox 1127 1523 1209 1584; x_wconf 87' lang='lat' dir='ltr'><strong>belli</strong></span> <span class='ocrx_word' id='word_1_114' title='bbox 1225 1530 1331 1592; x_wconf 87' lang='lat' dir='ltr'><strong>terrore,</strong></span> 
     </span>
     <span class='ocr_line' id='line_1_16' title="bbox 223 1605 1331 1683; baseline -0.007 -13"><span class='ocrx_word' id='word_1_115' title='bbox 223 1607 450 1670; x_wconf 56' lang='lat' dir='ltr'><strong>immittitur(</strong></span> <span class='ocrx_word' id='word_1_116' title='bbox 481 1608 554 1683; x_wconf 76' lang='lat' dir='ltr'><strong>Quo</strong></span> <span class='ocrx_word' id='word_1_117' title='bbox 584 1606 715 1667; x_wconf 86' lang='lat' dir='ltr'><strong>tandem</strong></span> <span class='ocrx_word' id='word_1_118' title='bbox 743 1605 847 1665; x_wconf 81' lang='lat' dir='ltr'><strong>animo</strong></span> <span class='ocrx_word' id='word_1_119' title='bbox 874 1627 954 1666; x_wconf 85' lang='lat' dir='ltr'><strong>esse</strong></span> <span class='ocrx_word' id='word_1_120' title='bbox 985 1607 1177 1667; x_wconf 83' lang='lat' dir='ltr'><strong>existimatis</strong></span> <span class='ocrx_word' id='word_1_121' title='bbox 1210 1614 1261 1667; x_wconf 90' lang='lat' dir='ltr'><strong>ant</strong></span> <span class='ocrx_word' id='word_1_122' title='bbox 1280 1626 1331 1674; x_wconf 87' lang='lat' dir='ltr'><strong>eos,</strong></span> 
     </span>
     <span class='ocr_line' id='line_1_17' title="bbox 224 1689 1331 1788; baseline -0.009 -34"><span class='ocrx_word' id='word_1_123' title='bbox 224 1712 226 1715; x_wconf 82' lang='lat'>·</span> <span class='ocrx_word' id='word_1_124' title='bbox 272 1692 328 1776; x_wconf 89' lang='lat' dir='ltr'><strong>qui</strong></span> <span class='ocrx_word' id='word_1_125' title='bbox 348 1689 522 1770; x_wconf 74' lang='lat' dir='ltr'><strong>vectigalia</strong></span> <span class='ocrx_word' id='word_1_126' title='bbox 542 1689 675 1770; x_wconf 52' lang='grc' dir='ltr'>νοῶν)</span> <span class='ocrx_word' id='word_1_127' title='bbox 705 1689 892 1769; x_wconf 81' lang='lat' dir='ltr'><strong>pensitant,</strong></span> <span class='ocrx_word' id='word_1_128' title='bbox 924 1695 979 1749; x_wconf 87' lang='lat' dir='ltr'><strong>aut</strong></span> <span class='ocrx_word' id='word_1_129' title='bbox 1010 1711 1089 1762; x_wconf 91' lang='lat' dir='ltr'><strong>eos,</strong></span> <span class='ocrx_word' id='word_1_130' title='bbox 1124 1691 1181 1788; x_wconf 72' lang='lat' dir='ltr'><strong>&lt;pri</strong></span> <span class='ocrx_word' id='word_1_131' title='bbox 1211 1691 1331 1750; x_wconf 83' lang='lat' dir='ltr'><strong>exercent</strong></span> 
     </span>
     <span class='ocr_line' id='line_1_18' title="bbox 271 1766 1330 1858; baseline -0.007 -23"><span class='ocrx_word' id='word_1_132' title='bbox 271 1782 368 1858; x_wconf 84' lang='lat' dir='ltr'><strong>utque</strong></span> <span class='ocrx_word' id='word_1_133' title='bbox 381 1775 525 1854; x_wconf 72' lang='lat' dir='ltr'><strong>exigunt,</strong></span> <span class='ocrx_word' id='word_1_134' title='bbox 548 1793 620 1848; x_wconf 87' lang='lat' dir='ltr'><strong>cum</strong></span> <span class='ocrx_word' id='word_1_135' title='bbox 631 1771 694 1831; x_wconf 87' lang='lat' dir='ltr'><strong>dno</strong></span> <span class='ocrx_word' id='word_1_136' title='bbox 707 1793 801 1851; x_wconf 78' lang='lat' dir='ltr'><strong>reges</strong></span> <span class='ocrx_word' id='word_1_137' title='bbox 815 1793 886 1832; x_wconf 87' lang='lat' dir='ltr'><strong>cum</strong></span> <span class='ocrx_word' id='word_1_138' title='bbox 901 1770 1046 1832; x_wconf 79' lang='lat' dir='ltr'><strong>maximis</strong></span> <span class='ocrx_word' id='word_1_139' title='bbox 1066 1773 1170 1853; x_wconf 85' lang='lat' dir='ltr'><strong>copris</strong></span> <span class='ocrx_word' id='word_1_140' title='bbox 1190 1781 1309 1856; x_wconf 88' lang='lat' dir='ltr'><strong>propter</strong></span> <span class='ocrx_word' id='word_1_141' title='bbox 1315 1766 1330 1848; x_wconf 78' lang='lat'><strong>⁵)</strong></span> 
     </span>
     <span class='ocr_line' id='line_1_19' title="bbox 272 1851 1330 1938; baseline -0.006 -21"><span class='ocrx_word' id='word_1_142' title='bbox 272 1857 407 1918; x_wconf 80' lang='lat' dir='ltr'><strong>adsint?</strong></span> <span class='ocrx_word' id='word_1_143' title='bbox 437 1878 521 1918; x_wconf 78' lang='lat' dir='ltr'><strong>cum</strong></span> <span class='ocrx_word' id='word_1_144' title='bbox 550 1877 614 1914; x_wconf 87' lang='lat' dir='ltr'><strong>una</strong></span> <span class='ocrx_word' id='word_1_145' title='bbox 650 1855 799 1915; x_wconf 85' lang='lat' dir='ltr'><strong>excursio</strong></span> <span class='ocrx_word' id='word_1_146' title='bbox 840 1851 1016 1938; x_wconf 78' lang='lat' dir='ltr'><strong>equitatus</strong></span> <span class='ocrx_word' id='word_1_147' title='bbox 1036 1855 1188 1937; x_wconf 83' lang='lat' dir='ltr'><strong>perbrevi</strong></span> <span class='ocrx_word' id='word_1_148' title='bbox 1220 1864 1330 1935; x_wconf 84' lang='lat' dir='ltr'><strong>tempore</strong></span> 
     </span>
     <span class='ocr_line' id='line_1_20' title="bbox 271 1933 1329 2020; baseline -0.009 -18"><span class='ocrx_word' id='word_1_149' title='bbox 271 1940 374 2002; x_wconf 89' lang='lat' dir='ltr'><strong>totius</strong></span> <span class='ocrx_word' id='word_1_150' title='bbox 397 1941 472 2001; x_wconf 88' lang='lat' dir='ltr'><strong>anni</strong></span> <span class='ocrx_word' id='word_1_151' title='bbox 492 1936 635 2019; x_wconf 75' lang='lat' dir='ltr'><strong>vectigal</strong></span> <span class='ocrx_word' id='word_1_152' title='bbox 653 1939 778 1998; x_wconf 82' lang='lat' dir='ltr'><strong>auferre</strong></span> <span class='ocrx_word' id='word_1_153' title='bbox 800 1933 931 2018; x_wconf 77' lang='lat' dir='ltr'><strong>possit?</strong></span> <span class='ocrx_word' id='word_1_154' title='bbox 954 1959 1025 1998; x_wconf 88' lang='lat' dir='ltr'><strong>cum</strong></span> <span class='ocrx_word' id='word_1_155' title='bbox 1043 1938 1210 2020; x_wconf 87' lang='lat' dir='ltr'><strong>publicani</strong></span> <span class='ocrx_word' id='word_1_156' title='bbox 1226 1936 1329 1999; x_wconf 77' lang='lat' dir='ltr'><strong>familias</strong></span> 
     </span>
     <span class='ocr_line' id='line_1_21' title="bbox 271 2018 1331 2106; baseline -0.004 -23"><span class='ocrx_word' id='word_1_157' title='bbox 271 2024 441 2098; x_wconf 87' lang='lat' dir='ltr'><strong>maximas,</strong></span> <span class='ocrx_word' id='word_1_158' title='bbox 476 2043 554 2106; x_wconf 88' lang='lat' dir='ltr'><strong>quas</strong></span> <span class='ocrx_word' id='word_1_159' title='bbox 576 2021 611 2080; x_wconf 93' lang='lat' dir='ltr'><strong>in</strong></span> <span class='ocrx_word' id='word_1_160' title='bbox 632 2019 744 2086; x_wconf 88' lang='lat' dir='ltr'><strong>salinis</strong></span> <span class='ocrx_word' id='word_1_161' title='bbox 767 2018 908 2089; x_wconf 86' lang='lat' dir='ltr'><strong>hahent,</strong></span> <span class='ocrx_word' id='word_1_162' title='bbox 939 2043 1028 2105; x_wconf 88' lang='lat' dir='ltr'><strong>quas.</strong></span> <span class='ocrx_word' id='word_1_163' title='bbox 1041 2024 1076 2082; x_wconf 96' lang='lat' dir='ltr'><strong>in</strong></span> <span class='ocrx_word' id='word_1_164' title='bbox 1101 2023 1211 2104; x_wconf 72' lang='lat' dir='ltr'><strong>agris,</strong></span> <span class='ocrx_word' id='word_1_165' title='bbox 1232 2018 1331 2105; x_wconf 83' lang='lat' dir='ltr'><strong>quasit</strong></span> 
     </span>
    </p>
   </div>
   <div class='ocr_carea' id='block_1_4' title="bbox 272 2226 1333 2371">
    <p class='ocr_par' dir='ltr' id='par_1_4' title="bbox 272 2191 1333 2371">
     <span class='ocr_line' id='line_1_22' title="bbox 272 2226 1333 2370; baseline -0.005 -87"><span class='ocrx_word' id='word_1_166' title='bbox 272 2301 303 2370; x_wconf 58' lang='lat' dir='ltr'><strong>u)</strong></span> <span class='ocrx_word' id='word_1_167' title='bbox 327 2229 357 2300; x_wconf 86' lang='lat' dir='ltr'><strong>I)</strong></span> <span class='ocrx_word' id='word_1_168' title='bbox 374 2231 518 2308; x_wconf 83' lang='lat' dir='ltr'><strong>sustinere.</strong></span> <span class='ocrx_word' id='word_1_169' title='bbox 559 2228 591 2297; x_wconf 67' lang='lat' dir='ltr'><strong>I)</strong></span> <span class='ocrx_word' id='word_1_170' title='bbox 609 2227 710 2282; x_wconf 87' lang='lat' dir='ltr'><strong>ceteris</strong></span> <span class='ocrx_word' id='word_1_171' title='bbox 727 2229 756 2281; x_wconf 91' lang='lat' dir='ltr'><strong>in</strong></span> <span class='ocrx_word' id='word_1_172' title='bbox 773 2227 866 2282; x_wconf 80' lang='lat' dir='ltr'><strong>rebus.</strong></span> <span class='ocrx_word' id='word_1_173' title='bbox 910 2228 942 2296; x_wconf 76' lang='lat' dir='ltr'><strong>s)</strong></span> <span class='ocrx_word' id='word_1_174' title='bbox 960 2228 1035 2283; x_wconf 82' lang='lat' dir='ltr'><strong>tactu</strong></span> <span class='ocrx_word' id='word_1_175' title='bbox 1052 2230 1130 2283; x_wconf 82' lang='lat' dir='ltr'><strong>nulla</strong></span> <span class='ocrx_word' id='word_1_176' title='bbox 1145 2231 1193 2284; x_wconf 87' lang='lat' dir='ltr'><strong>sit.</strong></span> <span class='ocrx_word' id='word_1_177' title='bbox 1225 2227 1257 2300; x_wconf 74' lang='lat' dir='ltr'><strong>d)</strong></span> <span class='ocrx_word' id='word_1_178' title='bbox 1272 2226 1333 2280; x_wconf 78' lang='lat' dir='ltr'><strong>noli·</strong></span> 
     </span>
     <span class='ocr_line' id='line_1_23' title="bbox 323 2319 422 2371; baseline 0 -19"><span class='ocrx_word' id='word_1_179' title='bbox 323 2319 422 2371; x_wconf 81' lang='lat' dir='ltr'><strong>prope.</strong></span> 
     </span>
    </p>
   </div>
   <div class='ocr_carea' id='block_1_5' title="bbox 167 2474 1341 4452">
    <p class='ocr_par' dir='ltr' id='par_1_5' title="bbox 272 2474 1341 2688">
     <span class='ocr_line' id='line_1_24' title="bbox 272 2474 1333 2546; baseline -0.006 -17"><span class='ocrx_word' id='word_1_180' title='bbox 272 2480 401 2529; x_wconf 74' lang='lat' dir='ltr'><strong>fineretur.</strong></span> <span class='ocrx_word' id='word_1_181' title='bbox 420 2505 452 2516; x_wconf 89' lang='lat'><strong>-·</strong></span> <span class='ocrx_word' id='word_1_182' title='bbox 487 2475 545 2526; x_wconf 88' lang='lat' dir='ltr'><strong>Pro</strong></span> <span class='ocrx_word' id='word_1_183' title='bbox 569 2474 645 2544; x_wconf 76' lang='lat' dir='ltr'><strong>vulg.</strong></span> <span class='ocrx_word' id='word_1_184' title='bbox 664 2483 858 2546; x_wconf 78' lang='lat' dir='ltr'><strong>exportantur,</strong></span> <span class='ocrx_word' id='word_1_185' title='bbox 889 2477 993 2546; x_wconf 74' lang='lat' dir='ltr'><strong>legitur</strong></span> <span class='ocrx_word' id='word_1_186' title='bbox 1017 2484 1194 2545; x_wconf 79' lang='lat' dir='ltr'><strong>exportentur</strong></span> <span class='ocrx_word' id='word_1_187' title='bbox 1210 2479 1238 2530; x_wconf 91' lang='lat' dir='ltr'><strong>in</strong></span> <span class='ocrx_word' id='word_1_188' title='bbox 1253 2476 1333 2528; x_wconf 81' lang='lat' dir='ltr'><strong>Erfurt</strong></span> 
     </span>
     <span class='ocr_line' id='line_1_25' title="bbox 272 2542 1341 2619; baseline -0.007 -20"><span class='ocrx_word' id='word_1_189' title='bbox 272 2547 394 2603; x_wconf 84' lang='lat' dir='ltr'><strong>Emmer.</strong></span> <span class='ocrx_word' id='word_1_190' title='bbox 414 2565 438 2598; x_wconf 90' lang='lat' dir='ltr'><strong>c.</strong></span> <span class='ocrx_word' id='word_1_191' title='bbox 456 2544 484 2604; x_wconf 70' lang='lat' dir='ltr'><strong>lv,</strong></span> <span class='ocrx_word' id='word_1_192' title='bbox 504 2545 577 2597; x_wconf 72' lang='lat'><strong>051.</strong></span> <span class='ocrx_word' id='word_1_193' title='bbox 597 2551 625 2598; x_wconf 85' lang='lat' dir='ltr'><strong>et</strong></span> <span class='ocrx_word' id='word_1_194' title='bbox 643 2547 671 2597; x_wconf 88' lang='lat' dir='ltr'><strong>in</strong></span> <span class='ocrx_word' id='word_1_195' title='bbox 687 2548 829 2619; x_wconf 85' lang='lat' dir='ltr'><strong>plerisque</strong></span> <span class='ocrx_word' id='word_1_196' title='bbox 847 2549 999 2610; x_wconf 80' lang='lat' dir='ltr'><strong>Parisinis3</strong></span> <span class='ocrx_word' id='word_1_197' title='bbox 1025 2555 1202 2618; x_wconf 84' lang='lat' dir='ltr'><strong>asportantur</strong></span> <span class='ocrx_word' id='word_1_198' title='bbox 1225 2567 1253 2602; x_wconf 85' lang='lat' dir='ltr'><strong>m</strong></span> <span class='ocrx_word' id='word_1_199' title='bbox 1274 2542 1341 2596; x_wconf 66' lang='lat' dir='ltr'><strong>Aret„</strong></span> 
     </span>
     <span class='ocr_line' id='line_1_26' title="bbox 275 2617 957 2688; baseline -0.016 -16"><span class='ocrx_word' id='word_1_200' title='bbox 275 2625 304 2672; x_wconf 86' lang='lat' dir='ltr'><strong>et</strong></span> <span class='ocrx_word' id='word_1_201' title='bbox 322 2618 396 2670; x_wconf 75' lang='lat'><strong>051.</strong></span> <span class='ocrx_word' id='word_1_202' title='bbox 417 2635 501 2688; x_wconf 85' lang='lat' dir='ltr'><strong>supra</strong></span> <span class='ocrx_word' id='word_1_203' title='bbox 519 2617 627 2669; x_wconf 80' lang='lat' dir='ltr'><strong>lineam.</strong></span> <span class='ocrx_word' id='word_1_204' title='bbox 953 2633 957 2639; x_wconf 65' lang='lat'>¹</span> 
     </span>
    </p>

    <p class='ocr_par' dir='ltr' id='par_1_6' title="bbox 273 2681 1334 2969">
     <span class='ocr_line' id='line_1_27' title="bbox 326 2681 1333 2756; baseline -0.002 -18"><span class='ocrx_word' id='word_1_205' title='bbox 326 2690 448 2738; x_wconf 84' lang='lat' dir='ltr'><strong>retinere.</strong></span> <span class='ocrx_word' id='word_1_206' title='bbox 484 2686 625 2740; x_wconf 78' lang='lat' dir='ltr'><strong>Revoeuvi</strong></span> <span class='ocrx_word' id='word_1_207' title='bbox 650 2685 720 2738; x_wconf 85' lang='lat' dir='ltr'><strong>hanc</strong></span> <span class='ocrx_word' id='word_1_208' title='bbox 744 2687 908 2756; x_wconf 85' lang='lat' dir='ltr'><strong>optimorum</strong></span> <span class='ocrx_word' id='word_1_209' title='bbox 935 2687 1015 2741; x_wconf 82' lang='lat' dir='ltr'><strong>codd.</strong></span> <span class='ocrx_word' id='word_1_210' title='bbox 1038 2686 1149 2740; x_wconf 80' lang='lat' dir='ltr'><strong>Erfurt.</strong></span> <span class='ocrx_word' id='word_1_211' title='bbox 1178 2687 1241 2742; x_wconf 84' lang='lat' dir='ltr'><strong>cot.</strong></span> <span class='ocrx_word' id='word_1_212' title='bbox 1258 2681 1333 2736; x_wconf 79' lang='lat' dir='ltr'><strong>Werl</strong></span> 
     </span>
     <span class='ocr_line' id='line_1_28' title="bbox 273 2756 1334 2828; baseline -0.007 -18"><span class='ocrx_word' id='word_1_213' title='bbox 273 2757 331 2828; x_wconf 77' lang='lat' dir='ltr'><strong>[ad</strong></span> <span class='ocrx_word' id='word_1_214' title='bbox 349 2757 455 2826; x_wconf 76' lang='lat' dir='ltr'><strong>tellis]</strong></span> <span class='ocrx_word' id='word_1_215' title='bbox 474 2758 620 2810; x_wconf 88' lang='lat' dir='ltr'><strong>lectionem</strong></span> <span class='ocrx_word' id='word_1_216' title='bbox 641 2758 778 2809; x_wconf 85' lang='lat' dir='ltr'><strong>inlocum</strong></span> <span class='ocrx_word' id='word_1_217' title='bbox 796 2758 871 2827; x_wconf 76' lang='lat' dir='ltr'><strong>vulg.</strong></span> <span class='ocrx_word' id='word_1_218' title='bbox 890 2759 1036 2818; x_wconf 82' lang='lat' dir='ltr'><strong>sustinere,</strong></span> <span class='ocrx_word' id='word_1_219' title='bbox 1063 2761 1180 2827; x_wconf 86' lang='lat' dir='ltr'><strong>quaein</strong></span> <span class='ocrx_word' id='word_1_220' title='bbox 1199 2777 1265 2812; x_wconf 87' lang='lat' dir='ltr'><strong>omn.</strong></span> <span class='ocrx_word' id='word_1_221' title='bbox 1280 2756 1334 2805; x_wconf 80' lang='lat' dir='ltr'><strong>Pan.</strong></span> 
     </span>
     <span class='ocr_line' id='line_1_29' title="bbox 273 2823 1334 2902; baseline -0.003 -22"><span class='ocrx_word' id='word_1_222' title='bbox 273 2831 361 2882; x_wconf 80' lang='lat' dir='ltr'><strong>Baw.</strong></span> <span class='ocrx_word' id='word_1_223' title='bbox 381 2825 500 2898; x_wconf 65' lang='lat' dir='ltr'><strong>[Emnm</strong></span> <span class='ocrx_word' id='word_1_224' title='bbox 518 2828 687 2902; x_wconf 69' lang='lat' dir='ltr'><strong>substipere]</strong></span> <span class='ocrx_word' id='word_1_225' title='bbox 713 2828 996 2883; x_wconf 75' lang='lat' dir='ltr'><strong>011.Pall.nres‹t</strong></span> <span class='ocrx_word' id='word_1_226' title='bbox 1025 2831 1181 2898; x_wconf 87' lang='lat' dir='ltr'><strong>ceterisque</strong></span> <span class='ocrx_word' id='word_1_227' title='bbox 1208 2838 1236 2883; x_wconf 87' lang='lat' dir='ltr'><strong>et</strong></span> <span class='ocrx_word' id='word_1_228' title='bbox 1254 2831 1280 2880; x_wconf 86' lang='lat' dir='ltr'><strong>io</strong></span> <span class='ocrx_word' id='word_1_229' title='bbox 1294 2823 1334 2877; x_wconf 72' lang='lat' dir='ltr'><strong>edd</strong></span> 
     </span>
     <span class='ocr_line' id='line_1_30' title="bbox 274 2897 1158 2969; baseline 0.003 -18"><span class='ocrx_word' id='word_1_230' title='bbox 274 2899 354 2952; x_wconf 85' lang='lat' dir='ltr'><strong>Rom.</strong></span> <span class='ocrx_word' id='word_1_231' title='bbox 373 2901 460 2963; x_wconf 68' lang='lat' dir='ltr'><strong>Vpnn.</strong></span> <span class='ocrx_word' id='word_1_232' title='bbox 480 2905 616 2964; x_wconf 69' lang='lat' dir='ltr'><strong>servatur.</strong></span> <span class='ocrx_word' id='word_1_233' title='bbox 652 2916 677 2951; x_wconf 77' lang='lat' dir='ltr'><strong>v.</strong></span> <span class='ocrx_word' id='word_1_234' title='bbox 698 2917 757 2969; x_wconf 87' lang='lat' dir='ltr'><strong>cop.</strong></span> <span class='ocrx_word' id='word_1_235' title='bbox 777 2897 796 2950; x_wconf 67' lang='grc'><strong>9</strong></span> <span class='ocrx_word' id='word_1_236' title='bbox 817 2906 886 2953; x_wconf 84' lang='lat' dir='ltr'><strong>extr.</strong></span> <span class='ocrx_word' id='word_1_237' title='bbox 906 2907 934 2952; x_wconf 89' lang='lat' dir='ltr'><strong>et</strong></span> <span class='ocrx_word' id='word_1_238' title='bbox 953 2918 977 2951; x_wconf 86' lang='lat' dir='ltr'><strong>c.</strong></span> <span class='ocrx_word' id='word_1_239' title='bbox 998 2898 1045 2951; x_wconf 84' lang='grc'><strong>18.</strong></span> <span class='ocrx_word' id='word_1_240' title='bbox 1065 2901 1088 2968; x_wconf 63' lang='grc' dir='ltr'><strong>ᾗ.</strong></span> <span class='ocrx_word' id='word_1_241' title='bbox 1108 2899 1158 2954; x_wconf 74' lang='grc'><strong>34.</strong></span> 
     </span>
    </p>

    <p class='ocr_par' dir='ltr' id='par_1_7' title="bbox 273 2967 1334 3322">
     <span class='ocr_line' id='line_1_31' title="bbox 326 2967 1333 3040; baseline -0.006 -17"><span class='ocrx_word' id='word_1_242' title='bbox 326 2971 350 3040; x_wconf 66' lang='grc'><strong>5.</strong></span> <span class='ocrx_word' id='word_1_243' title='bbox 371 2970 418 3024; x_wconf 77' lang='lat'><strong>15.</strong></span> <span class='ocrx_word' id='word_1_244' title='bbox 455 2971 484 3021; x_wconf 81' lang='lat' dir='ltr'><strong>in</strong></span> <span class='ocrx_word' id='word_1_245' title='bbox 509 2971 605 3020; x_wconf 81' lang='lat' dir='ltr'><strong>ceteris</strong></span> <span class='ocrx_word' id='word_1_246' title='bbox 630 2971 718 3020; x_wconf 81' lang='lat' dir='ltr'><strong>rebus.</strong></span> <span class='ocrx_word' id='word_1_247' title='bbox 761 2968 810 3021; x_wconf 84' lang='lat' dir='ltr'><strong>Sic</strong></span> <span class='ocrx_word' id='word_1_248' title='bbox 836 2971 906 3025; x_wconf 75' lang='lat' dir='ltr'><strong>Bau.</strong></span> <span class='ocrx_word' id='word_1_249' title='bbox 930 2970 1017 3021; x_wconf 87' lang='lat' dir='ltr'><strong>Emm.</strong></span> <span class='ocrx_word' id='word_1_250' title='bbox 1043 2970 1153 3023; x_wconf 78' lang='lat' dir='ltr'><strong>Erfurt.</strong></span> <span class='ocrx_word' id='word_1_251' title='bbox 1180 2971 1257 3022; x_wconf 75' lang='lat' dir='ltr'><strong>Pars.</strong></span> <span class='ocrx_word' id='word_1_252' title='bbox 1280 2967 1333 3017; x_wconf 78' lang='lat' dir='ltr'><strong>uon</strong></span> 
     </span>
     <span class='ocr_line' id='line_1_32' title="bbox 273 3017 1334 3110; baseline 0.001 -20"><span class='ocrx_word' id='word_1_253' title='bbox 273 3040 363 3092; x_wconf 84' lang='lat' dir='ltr'><strong>Venu.</strong></span> <span class='ocrx_word' id='word_1_254' title='bbox 387 3041 435 3092; x_wconf 80' lang='lat' dir='ltr'><strong>Ju.</strong></span> <span class='ocrx_word' id='word_1_255' title='bbox 463 3040 557 3090; x_wconf 75' lang='lat' dir='ltr'><strong>Lami).</strong></span> <span class='ocrx_word' id='word_1_256' title='bbox 586 3017 664 3090; x_wconf 62' lang='lat'><strong>1366</strong></span> <span class='ocrx_word' id='word_1_257' title='bbox 693 3046 721 3092; x_wconf 89' lang='lat' dir='ltr'><strong>et</strong></span> <span class='ocrx_word' id='word_1_258' title='bbox 745 3039 911 3108; x_wconf 73' lang='lat' dir='ltr'><strong>Anonymus.</strong></span> <span class='ocrx_word' id='word_1_259' title='bbox 947 3037 982 3091; x_wconf 81' lang='lat' dir='ltr'><strong>In</strong></span> <span class='ocrx_word' id='word_1_260' title='bbox 1000 3042 1093 3093; x_wconf 76' lang='lat' dir='ltr'><strong>verbis</strong></span> <span class='ocrx_word' id='word_1_261' title='bbox 1111 3059 1188 3110; x_wconf 83' lang='lat' dir='ltr'><strong>seqq.</strong></span> <span class='ocrx_word' id='word_1_262' title='bbox 1209 3039 1268 3092; x_wconf 84' lang='lat' dir='ltr'><strong>dedi</strong></span> <span class='ocrx_word' id='word_1_263' title='bbox 1281 3033 1334 3086; x_wconf 65' lang='lat' dir='ltr'><strong>nulla</strong></span> 
     </span>
     <span class='ocr_line' id='line_1_33' title="bbox 273 3107 1333 3179; baseline -0.008 -16"><span class='ocrx_word' id='word_1_264' title='bbox 273 3109 349 3179; x_wconf 75' lang='lat' dir='ltr'><strong>facta</strong></span> <span class='ocrx_word' id='word_1_265' title='bbox 375 3119 416 3162; x_wconf 82' lang='lat' dir='ltr'><strong>est</strong></span> <span class='ocrx_word' id='word_1_266' title='bbox 442 3128 474 3161; x_wconf 85' lang='lat' dir='ltr'><strong>cx</strong></span> <span class='ocrx_word' id='word_1_267' title='bbox 500 3109 610 3162; x_wconf 80' lang='lat' dir='ltr'><strong>Erfurt.</strong></span> <span class='ocrx_word' id='word_1_268' title='bbox 644 3110 688 3161; x_wconf 90' lang='lat' dir='ltr'><strong>cui</strong></span> <span class='ocrx_word' id='word_1_269' title='bbox 717 3111 919 3178; x_wconf 83' lang='lat' dir='ltr'><strong>adstipulantur</strong></span> <span class='ocrx_word' id='word_1_270' title='bbox 945 3110 1032 3162; x_wconf 79' lang='lat' dir='ltr'><strong>Emm.</strong></span> <span class='ocrx_word' id='word_1_271' title='bbox 1062 3113 1143 3163; x_wconf 82' lang='lat' dir='ltr'><strong>Pur-r.</strong></span> <span class='ocrx_word' id='word_1_272' title='bbox 1171 3113 1248 3162; x_wconf 85' lang='lat' dir='ltr'><strong>Rom</strong></span> <span class='ocrx_word' id='word_1_273' title='bbox 1272 3107 1333 3158; x_wconf 81' lang='lat' dir='ltr'><strong>Venn-</strong></span> 
     </span>
     <span class='ocr_line' id='line_1_34' title="bbox 274 3177 1333 3250; baseline -0.003 -20"><span class='ocrx_word' id='word_1_274' title='bbox 274 3180 351 3234; x_wconf 81' lang='lat' dir='ltr'><strong>Junt.</strong></span> <span class='ocrx_word' id='word_1_275' title='bbox 369 3183 398 3232; x_wconf 90' lang='lat' dir='ltr'><strong>in</strong></span> <span class='ocrx_word' id='word_1_276' title='bbox 416 3181 513 3250; x_wconf 84' lang='lat' dir='ltr'><strong>quibus</strong></span> <span class='ocrx_word' id='word_1_277' title='bbox 531 3187 621 3232; x_wconf 83' lang='lat' dir='ltr'><strong>tamen</strong></span> <span class='ocrx_word' id='word_1_278' title='bbox 636 3181 771 3249; x_wconf 84' lang='lat' dir='ltr'><strong>subjunct.</strong></span> <span class='ocrx_word' id='word_1_279' title='bbox 784 3183 822 3232; x_wconf 84' lang='lat' dir='ltr'><strong>sit</strong></span> <span class='ocrx_word' id='word_1_280' title='bbox 834 3182 979 3233; x_wconf 87' lang='lat' dir='ltr'><strong>retinetur.</strong></span> <span class='ocrx_word' id='word_1_281' title='bbox 1004 3181 1069 3234; x_wconf 84' lang='lat' dir='ltr'><strong>Mox</strong></span> <span class='ocrx_word' id='word_1_282' title='bbox 1084 3181 1201 3234; x_wconf 85' lang='lat' dir='ltr'><strong>Servius</strong></span> <span class='ocrx_word' id='word_1_283' title='bbox 1213 3183 1247 3234; x_wconf 83' lang='lat' dir='ltr'><strong>ad</strong></span> <span class='ocrx_word' id='word_1_284' title='bbox 1257 3177 1333 3240; x_wconf 74' lang='lat' dir='ltr'><strong>Georg·</strong></span> 
     </span>
     <span class='ocr_line' id='line_1_35' title="bbox 274 3250 1333 3322; baseline -0.001 -21"><span class='ocrx_word' id='word_1_285' title='bbox 274 3250 402 3309; x_wconf 75' lang='lat'>11164:</span> <span class='ocrx_word' id='word_1_286' title='bbox 416 3269 542 3322; x_wconf 82' lang='lat' dir='ltr'><strong>pecua,</strong></span> <span class='ocrx_word' id='word_1_287' title='bbox 561 3259 592 3301; x_wconf 84' lang='lat' dir='ltr'><strong>ut</strong></span> <span class='ocrx_word' id='word_1_288' title='bbox 609 3253 650 3303; x_wconf 84' lang='lat' dir='ltr'><strong>ait</strong></span> <span class='ocrx_word' id='word_1_289' title='bbox 669 3253 698 3302; x_wconf 84' lang='lat' dir='ltr'><strong>in</strong></span> <span class='ocrx_word' id='word_1_290' title='bbox 715 3251 878 3322; x_wconf 79' lang='lat' dir='ltr'><strong>Pompeiana</strong></span> <span class='ocrx_word' id='word_1_291' title='bbox 898 3250 1002 3312; x_wconf 82' lang='lat' dir='ltr'><strong>Cicero,</strong></span> <span class='ocrx_word' id='word_1_292' title='bbox 1020 3253 1054 3304; x_wconf 77' lang='lat' dir='ltr'><strong>ab</strong></span> <span class='ocrx_word' id='word_1_293' title='bbox 1073 3271 1114 3312; x_wconf 89' lang='lat' dir='ltr'><strong>eo,</strong></span> <span class='ocrx_word' id='word_1_294' title='bbox 1133 3251 1206 3321; x_wconf 73' lang='lat' dir='ltr'><strong>quod</strong></span> <span class='ocrx_word' id='word_1_295' title='bbox 1222 3259 1259 3304; x_wconf 82' lang='lat' dir='ltr'><strong>est</strong></span> <span class='ocrx_word' id='word_1_296' title='bbox 1269 3261 1333 3319; x_wconf 67' lang='lat' dir='ltr'><strong>pets</strong></span> 
     </span>
    </p>

    <p class='ocr_par' dir='ltr' id='par_1_8' title="bbox 167 3322 651 3394">
     <span class='ocr_line' id='line_1_36' title="bbox 167 3322 651 3394; baseline 0.006 -23"><span class='ocrx_word' id='word_1_297' title='bbox 167 3329 169 3333; x_wconf 59' lang='lat'><em>⁴</em></span> <span class='ocrx_word' id='word_1_298' title='bbox 275 3322 364 3372; x_wconf 68' lang='lat' dir='ltr'><strong>venite</strong></span> <span class='ocrx_word' id='word_1_299' title='bbox 383 3330 651 3394; x_wconf 71' lang='lat' dir='ltr'><strong>utpenupenua.</strong></span> 
     </span>
    </p>

    <p class='ocr_par' dir='ltr' id='par_1_9' title="bbox 276 3382 1333 3814">
     <span class='ocr_line' id='line_1_37' title="bbox 328 3382 1333 3462; baseline -0.003 -21"><span class='ocrx_word' id='word_1_300' title='bbox 328 3394 477 3461; x_wconf 81' lang='lat' dir='ltr'><strong>scriptura,</strong></span> <span class='ocrx_word' id='word_1_301' title='bbox 495 3408 626 3461; x_wconf 84' lang='lat' dir='ltr'><strong>pecorum</strong></span> <span class='ocrx_word' id='word_1_302' title='bbox 644 3391 775 3458; x_wconf 77' lang='lat' dir='ltr'><strong>vectigal,</strong></span> <span class='ocrx_word' id='word_1_303' title='bbox 794 3397 822 3443; x_wconf 89' lang='lat' dir='ltr'><strong>et</strong></span> <span class='ocrx_word' id='word_1_304' title='bbox 840 3391 949 3459; x_wconf 81' lang='lat' dir='ltr'><strong>quidem</strong></span> <span class='ocrx_word' id='word_1_305' title='bbox 968 3391 1183 3462; x_wconf 77' lang='lat' dir='ltr'><strong>antiquissimum</strong></span> <span class='ocrx_word' id='word_1_306' title='bbox 1201 3397 1229 3444; x_wconf 87' lang='lat' dir='ltr'><strong>et</strong></span> <span class='ocrx_word' id='word_1_307' title='bbox 1245 3390 1285 3440; x_wconf 88' lang='lat' dir='ltr'><strong>din</strong></span> <span class='ocrx_word' id='word_1_308' title='bbox 1296 3382 1333 3434; x_wconf 78' lang='lat' dir='ltr'><strong>uni·</strong></span> 
     </span>
     <span class='ocr_line' id='line_1_38' title="bbox 277 3460 1333 3530; baseline -0.008 -16"><span class='ocrx_word' id='word_1_309' title='bbox 277 3479 338 3514; x_wconf 89' lang='lat' dir='ltr'><strong>cum</strong></span> <span class='ocrx_word' id='word_1_310' title='bbox 355 3462 527 3530; x_wconf 77' lang='lat' dir='ltr'><strong>reipublicae</strong></span> <span class='ocrx_word' id='word_1_311' title='bbox 547 3460 772 3522; x_wconf 80' lang='lat' dir='ltr'><strong>emolumenturn,</strong></span> <span class='ocrx_word' id='word_1_312' title='bbox 799 3465 870 3513; x_wconf 87' lang='lat' dir='ltr'><strong>teste</strong></span> <span class='ocrx_word' id='word_1_313' title='bbox 888 3461 982 3513; x_wconf 82' lang='lat' dir='ltr'><strong>Plinio</strong></span> <span class='ocrx_word' id='word_1_314' title='bbox 1000 3461 1108 3514; x_wconf 81' lang='lat' dir='ltr'>XVIII</span> <span class='ocrx_word' id='word_1_315' title='bbox 1126 3462 1164 3526; x_wconf 75' lang='lat'><strong>53</strong></span> <span class='ocrx_word' id='word_1_316' title='bbox 1192 3463 1230 3514; x_wconf 79' lang='lat' dir='ltr'><strong>ita</strong></span> <span class='ocrx_word' id='word_1_317' title='bbox 1247 3461 1333 3510; x_wconf 71' lang='lat' dir='ltr'><strong>dicum</strong></span> 
     </span>
     <span class='ocr_line' id='line_1_39' title="bbox 277 3532 1333 3604; baseline -0.008 -22"><span class='ocrx_word' id='word_1_318' title='bbox 277 3533 351 3602; x_wconf 80' lang='lat' dir='ltr'><strong>quod</strong></span> <span class='ocrx_word' id='word_1_319' title='bbox 368 3540 493 3602; x_wconf 83' lang='lat' dir='ltr'><strong>pastores</strong></span> <span class='ocrx_word' id='word_1_320' title='bbox 513 3534 585 3602; x_wconf 70' lang='lat' dir='ltr'><strong>opud</strong></span> <span class='ocrx_word' id='word_1_321' title='bbox 606 3532 782 3602; x_wconf 78' lang='lat' dir='ltr'><strong>publicanum</strong></span> <span class='ocrx_word' id='word_1_322' title='bbox 799 3549 940 3584; x_wconf 85' lang='lat' dir='ltr'><strong>numerum</strong></span> <span class='ocrx_word' id='word_1_323' title='bbox 957 3534 1109 3604; x_wconf 86' lang='lat' dir='ltr'><strong>pecudum,</strong></span> <span class='ocrx_word' id='word_1_324' title='bbox 1136 3551 1203 3603; x_wconf 81' lang='lat' dir='ltr'><strong>quus</strong></span> <span class='ocrx_word' id='word_1_325' title='bbox 1220 3532 1246 3582; x_wconf 92' lang='lat' dir='ltr'><strong>in</strong></span> <span class='ocrx_word' id='word_1_326' title='bbox 1261 3535 1333 3598; x_wconf 76' lang='lat' dir='ltr'><strong>pascet</strong></span> 
     </span>
     <span class='ocr_line' id='line_1_40' title="bbox 276 3592 1333 3674; baseline -0.002 -22"><span class='ocrx_word' id='word_1_327' title='bbox 276 3603 389 3672; x_wconf 82' lang='lat' dir='ltr'><strong>publica</strong></span> <span class='ocrx_word' id='word_1_328' title='bbox 406 3604 552 3654; x_wconf 87' lang='lat' dir='ltr'><strong>immittere</strong></span> <span class='ocrx_word' id='word_1_329' title='bbox 571 3604 693 3661; x_wconf 87' lang='lat' dir='ltr'><strong>vellent,</strong></span> <span class='ocrx_word' id='word_1_330' title='bbox 720 3602 849 3671; x_wconf 86' lang='lat' dir='ltr'><strong>profiteri</strong></span> <span class='ocrx_word' id='word_1_331' title='bbox 866 3603 1021 3664; x_wconf 85' lang='lat' dir='ltr'><strong>debebant,</strong></span> <span class='ocrx_word' id='word_1_332' title='bbox 1049 3621 1128 3672; x_wconf 83' lang='lat' dir='ltr'><strong>quem</strong></span> <span class='ocrx_word' id='word_1_333' title='bbox 1151 3592 1333 3674; x_wconf 79' lang='lat' dir='ltr'><strong>publicanusill</strong></span> 
     </span>
     <span class='ocr_line' id='line_1_41' title="bbox 277 3663 1332 3746; baseline -0.005 -23"><span class='ocrx_word' id='word_1_334' title='bbox 277 3673 378 3746; x_wconf 86' lang='lat' dir='ltr'><strong>tabulis</strong></span> <span class='ocrx_word' id='word_1_335' title='bbox 397 3673 451 3724; x_wconf 84' lang='lat' dir='ltr'><strong>suis</strong></span> <span class='ocrx_word' id='word_1_336' title='bbox 471 3673 621 3744; x_wconf 78' lang='lat' dir='ltr'><strong>adnotabat</strong></span> <span class='ocrx_word' id='word_1_337' title='bbox 643 3679 671 3725; x_wconf 89' lang='lat' dir='ltr'><strong>et</strong></span> <span class='ocrx_word' id='word_1_338' title='bbox 688 3673 849 3734; x_wconf 87' lang='lat' dir='ltr'><strong>scribebat,</strong></span> <span class='ocrx_word' id='word_1_339' title='bbox 876 3692 930 3741; x_wconf 81' lang='lat' dir='ltr'><strong>qua</strong></span> <span class='ocrx_word' id='word_1_340' title='bbox 954 3693 987 3727; x_wconf 87' lang='lat' dir='ltr'><strong>cx</strong></span> <span class='ocrx_word' id='word_1_341' title='bbox 1012 3675 1152 3743; x_wconf 86' lang='lat' dir='ltr'><strong>scriptura</strong></span> <span class='ocrx_word' id='word_1_342' title='bbox 1177 3677 1266 3744; x_wconf 85' lang='lat' dir='ltr'><strong>postea</strong></span> <span class='ocrx_word' id='word_1_343' title='bbox 1283 3663 1332 3718; x_wconf 76' lang='lat' dir='ltr'><strong>ratio</strong></span> 
     </span>
     <span class='ocr_line' id='line_1_42' title="bbox 277 3736 1331 3814; baseline -0.004 -20"><span class='ocrx_word' id='word_1_344' title='bbox 277 3745 350 3808; x_wconf 83' lang='lat' dir='ltr'><strong>inter</strong></span> <span class='ocrx_word' id='word_1_345' title='bbox 368 3750 504 3812; x_wconf 76' lang='lat' dir='ltr'><strong>pastorem</strong></span> <span class='ocrx_word' id='word_1_346' title='bbox 519 3750 546 3796; x_wconf 90' lang='lat' dir='ltr'><strong>ct</strong></span> <span class='ocrx_word' id='word_1_347' title='bbox 558 3743 735 3813; x_wconf 82' lang='lat' dir='ltr'><strong>publicanum</strong></span> <span class='ocrx_word' id='word_1_348' title='bbox 749 3743 956 3800; x_wconf 82' lang='lat' dir='ltr'><strong>conficiebatur.</strong></span> <span class='ocrx_word' id='word_1_349' title='bbox 974 3745 1081 3796; x_wconf 85' lang='lat' dir='ltr'><strong>v.Fest.</strong></span> <span class='ocrx_word' id='word_1_350' title='bbox 1091 3745 1120 3794; x_wconf 90' lang='lat' dir='ltr'><strong>iu</strong></span> <span class='ocrx_word' id='word_1_351' title='bbox 1129 3764 1154 3798; x_wconf 82' lang='lat' dir='ltr'><strong>v.</strong></span> <span class='ocrx_word' id='word_1_352' title='bbox 1167 3736 1331 3814; x_wconf 66' lang='lat' dir='ltr'><strong>scripturarius·</strong></span> 
     </span>
    </p>

    <p class='ocr_par' dir='ltr' id='par_1_10' title="bbox 259 3803 1332 4008">
     <span class='ocr_line' id='line_1_43' title="bbox 332 3803 1332 3882; baseline -0.002 -18"><span class='ocrx_word' id='word_1_353' title='bbox 332 3814 355 3881; x_wconf 62' lang='grc' dir='ltr'><strong>ᾖ.</strong></span> <span class='ocrx_word' id='word_1_354' title='bbox 376 3811 422 3864; x_wconf 82' lang='grc'><strong>16.</strong></span> <span class='ocrx_word' id='word_1_355' title='bbox 457 3815 542 3866; x_wconf 84' lang='lat' dir='ltr'><strong>vobis.</strong></span> <span class='ocrx_word' id='word_1_356' title='bbox 580 3813 773 3882; x_wconf 82' lang='lat' dir='ltr'><strong>Recepilranc</strong></span> <span class='ocrx_word' id='word_1_357' title='bbox 793 3815 909 3866; x_wconf 85' lang='lat' dir='ltr'><strong>omnium</strong></span> <span class='ocrx_word' id='word_1_358' title='bbox 930 3815 1012 3867; x_wconf 76' lang='lat' dir='ltr'><strong>Pars.</strong></span> <span class='ocrx_word' id='word_1_359' title='bbox 1031 3817 1116 3868; x_wconf 65' lang='grc' dir='ltr'><strong>ΒΜ.</strong></span> <span class='ocrx_word' id='word_1_360' title='bbox 1137 3815 1210 3870; x_wconf 70' lang='lat'><strong>02¹.</strong></span> <span class='ocrx_word' id='word_1_361' title='bbox 1227 3803 1332 3882; x_wconf 63' lang='grc'><strong>[111051-</strong></span> 
     </span>
     <span class='ocr_line' id='line_1_44' title="bbox 259 3879 1331 3958; baseline 0.003 -25"><span class='ocrx_word' id='word_1_362' title='bbox 259 3884 356 3958; x_wconf 24' lang='lat' dir='ltr'><strong>&#39;deest</strong></span> <span class='ocrx_word' id='word_1_363' title='bbox 375 3889 410 3940; x_wconf 84' lang='grc' dir='ltr'><strong>τὸ</strong></span> <span class='ocrx_word' id='word_1_364' title='bbox 430 3885 524 3952; x_wconf 83' lang='lat' dir='ltr'><strong>vobis]</strong></span> <span class='ocrx_word' id='word_1_365' title='bbox 546 3884 589 3934; x_wconf 87' lang='lat' dir='ltr'><strong>cd.</strong></span> <span class='ocrx_word' id='word_1_366' title='bbox 609 3883 688 3935; x_wconf 83' lang='lat' dir='ltr'><strong>Rom.</strong></span> <span class='ocrx_word' id='word_1_367' title='bbox 706 3883 795 3953; x_wconf 85' lang='lat' dir='ltr'><strong>Venn.</strong></span> <span class='ocrx_word' id='word_1_368' title='bbox 814 3902 890 3952; x_wconf 86' lang='lat' dir='ltr'><strong>seqq.</strong></span> <span class='ocrx_word' id='word_1_369' title='bbox 910 3885 1074 3946; x_wconf 88' lang='lat' dir='ltr'><strong>lectionem,</strong></span> <span class='ocrx_word' id='word_1_370' title='bbox 1111 3901 1181 3954; x_wconf 83' lang='lat' dir='ltr'><strong>quae</strong></span> <span class='ocrx_word' id='word_1_371' title='bbox 1198 3900 1266 3953; x_wconf 72' lang='lat' dir='ltr'><strong>seqq.</strong></span> <span class='ocrx_word' id='word_1_372' title='bbox 1278 3879 1331 3950; x_wconf 57' lang='lat' dir='ltr'><strong>pm·</strong></span> 
     </span>
     <span class='ocr_line' id='line_1_45' title="bbox 278 3953 901 4008; baseline 0.003 -6"><span class='ocrx_word' id='word_1_373' title='bbox 278 3953 348 4004; x_wconf 81' lang='lat' dir='ltr'><strong>tiene</strong></span> <span class='ocrx_word' id='word_1_374' title='bbox 366 3969 413 4002; x_wconf 79' lang='lat' dir='ltr'><strong>vos</strong></span> <span class='ocrx_word' id='word_1_375' title='bbox 433 3960 481 4004; x_wconf 84' lang='lat' dir='ltr'><strong>etc.</strong></span> <span class='ocrx_word' id='word_1_376' title='bbox 500 3954 597 4005; x_wconf 89' lang='lat' dir='ltr'><strong>melius</strong></span> <span class='ocrx_word' id='word_1_377' title='bbox 617 3955 763 4006; x_wconf 86' lang='lat' dir='ltr'><strong>convenire</strong></span> <span class='ocrx_word' id='word_1_378' title='bbox 779 3957 901 4008; x_wconf 75' lang='lat' dir='ltr'><strong>videtur.</strong></span> 
     </span>
    </p>

    <p class='ocr_par' dir='ltr' id='par_1_11' title="bbox 277 4014 1330 4452">
     <span class='ocr_line' id='line_1_46' title="bbox 330 4014 1330 4096; baseline 0.002 -23"><span class='ocrx_word' id='word_1_379' title='bbox 330 4022 437 4074; x_wconf 78' lang='lat' dir='ltr'><strong>saliuis.</strong></span> <span class='ocrx_word' id='word_1_380' title='bbox 473 4024 529 4074; x_wconf 87' lang='lat' dir='ltr'><strong>Pro</strong></span> <span class='ocrx_word' id='word_1_381' title='bbox 546 4024 596 4076; x_wconf 86' lang='lat' dir='ltr'><strong>hac</strong></span> <span class='ocrx_word' id='word_1_382' title='bbox 614 4018 731 4086; x_wconf 82' lang='lat' dir='ltr'><strong>omnium</strong></span> <span class='ocrx_word' id='word_1_383' title='bbox 745 4027 825 4078; x_wconf 86' lang='lat' dir='ltr'><strong>codd.</strong></span> <span class='ocrx_word' id='word_1_384' title='bbox 842 4031 870 4079; x_wconf 88' lang='lat' dir='ltr'><strong>et</strong></span> <span class='ocrx_word' id='word_1_385' title='bbox 889 4026 951 4076; x_wconf 89' lang='lat' dir='ltr'><strong>edd.</strong></span> <span class='ocrx_word' id='word_1_386' title='bbox 968 4031 1035 4078; x_wconf 87' lang='lat' dir='ltr'><strong>vett.</strong></span> <span class='ocrx_word' id='word_1_387' title='bbox 1054 4025 1174 4078; x_wconf 89' lang='lat' dir='ltr'><strong>lectione</strong></span> <span class='ocrx_word' id='word_1_388' title='bbox 1192 4023 1281 4096; x_wconf 78' lang='lat' dir='ltr'><strong>optim</strong></span> <span class='ocrx_word' id='word_1_389' title='bbox 1293 4014 1330 4066; x_wconf 63' lang='lat' dir='ltr'><strong>flt</strong></span> 
     </span>
     <span class='ocr_line' id='line_1_47' title="bbox 278 4091 1329 4164; baseline -0.004 -18"><span class='ocrx_word' id='word_1_390' title='bbox 278 4101 418 4146; x_wconf 87' lang='lat' dir='ltr'><strong>tomanuus</strong></span> <span class='ocrx_word' id='word_1_391' title='bbox 441 4100 469 4144; x_wconf 87' lang='lat' dir='ltr'><strong>ct</strong></span> <span class='ocrx_word' id='word_1_392' title='bbox 489 4091 614 4163; x_wconf 85' lang='lat' dir='ltr'><strong>Lipsius,</strong></span> <span class='ocrx_word' id='word_1_393' title='bbox 642 4096 762 4164; x_wconf 71' lang='lat' dir='ltr'><strong>vectigal</strong></span> <span class='ocrx_word' id='word_1_394' title='bbox 779 4115 811 4149; x_wconf 81' lang='lat' dir='ltr'><strong>er</strong></span> <span class='ocrx_word' id='word_1_395' title='bbox 827 4097 921 4148; x_wconf 87' lang='lat' dir='ltr'><strong>salinis</strong></span> <span class='ocrx_word' id='word_1_396' title='bbox 941 4095 969 4148; x_wconf 93' lang='lat' dir='ltr'><strong>in</strong></span> <span class='ocrx_word' id='word_1_397' title='bbox 981 4097 1064 4154; x_wconf 85' lang='lat' dir='ltr'><strong>Asia,</strong></span> <span class='ocrx_word' id='word_1_398' title='bbox 1097 4102 1145 4148; x_wconf 84' lang='lat' dir='ltr'><strong>out</strong></span> <span class='ocrx_word' id='word_1_399' title='bbox 1160 4096 1213 4146; x_wconf 81' lang='lat' dir='ltr'><strong>alis</strong></span> <span class='ocrx_word' id='word_1_400' title='bbox 1226 4093 1275 4145; x_wconf 82' lang='lat' dir='ltr'><strong>ulls</strong></span> <span class='ocrx_word' id='word_1_401' title='bbox 1289 4098 1329 4156; x_wconf 69' lang='lat' dir='ltr'><strong>pfl·</strong></span> 
     </span>
     <span class='ocr_line' id='line_1_48' title="bbox 278 4159 1330 4235; baseline -0.007 -20"><span class='ocrx_word' id='word_1_402' title='bbox 278 4165 367 4216; x_wconf 83' lang='lat' dir='ltr'><strong>vincia</strong></span> <span class='ocrx_word' id='word_1_403' title='bbox 380 4164 464 4214; x_wconf 81' lang='lat' dir='ltr'><strong>fuisse</strong></span> <span class='ocrx_word' id='word_1_404' title='bbox 482 4171 623 4230; x_wconf 75' lang='lat' dir='ltr'><strong>negantes,</strong></span> <span class='ocrx_word' id='word_1_405' title='bbox 637 4161 792 4220; x_wconf 82' lang='lat' dir='ltr'><strong>maluerunt</strong></span> <span class='ocrx_word' id='word_1_406' title='bbox 809 4167 935 4225; x_wconf 79' lang='lat' dir='ltr'><strong>saltibus,</strong></span> <span class='ocrx_word' id='word_1_407' title='bbox 955 4166 1090 4235; x_wconf 82' lang='lat' dir='ltr'><strong>quodlrio</strong></span> <span class='ocrx_word' id='word_1_408' title='bbox 1109 4167 1186 4219; x_wconf 90' lang='lat' dir='ltr'><strong>locus</strong></span> <span class='ocrx_word' id='word_1_409' title='bbox 1200 4159 1330 4231; x_wconf 75' lang='lat' dir='ltr'><strong>responden</strong></span> 
     </span>
     <span class='ocr_line' id='line_1_49' title="bbox 277 4227 1330 4309; baseline -0.01 -25"><span class='ocrx_word' id='word_1_410' title='bbox 277 4237 378 4288; x_wconf 77' lang='lat' dir='ltr'><strong>debeat</strong></span> <span class='ocrx_word' id='word_1_411' title='bbox 391 4236 545 4304; x_wconf 85' lang='lat' dir='ltr'><strong>superiori,</strong></span> <span class='ocrx_word' id='word_1_412' title='bbox 563 4236 591 4286; x_wconf 95' lang='lat' dir='ltr'><strong>in</strong></span> <span class='ocrx_word' id='word_1_413' title='bbox 611 4253 664 4305; x_wconf 85' lang='lat' dir='ltr'><strong>quo</strong></span> <span class='ocrx_word' id='word_1_414' title='bbox 683 4239 716 4294; x_wconf 81' lang='lat' dir='ltr'><strong>de</strong></span> <span class='ocrx_word' id='word_1_415' title='bbox 732 4244 830 4309; x_wconf 88' lang='lat' dir='ltr'><strong>portu,</strong></span> <span class='ocrx_word' id='word_1_416' title='bbox 850 4238 970 4289; x_wconf 84' lang='lat' dir='ltr'><strong>decumis</strong></span> <span class='ocrx_word' id='word_1_417' title='bbox 986 4245 1015 4290; x_wconf 90' lang='lat' dir='ltr'><strong>et</strong></span> <span class='ocrx_word' id='word_1_418' title='bbox 1029 4231 1169 4306; x_wconf 86' lang='lat' dir='ltr'><strong>s&#39;criptura</strong></span> <span class='ocrx_word' id='word_1_419' title='bbox 1180 4235 1268 4288; x_wconf 86' lang='lat' dir='ltr'><strong>mentio</strong></span> <span class='ocrx_word' id='word_1_420' title='bbox 1279 4227 1330 4300; x_wconf 70' lang='lat' dir='ltr'><strong>tao</strong></span> 
     </span>
     <span class='ocr_line' id='line_1_50' title="bbox 277 4293 1329 4378; baseline 0 -22"><span class='ocrx_word' id='word_1_421' title='bbox 277 4307 313 4356; x_wconf 90' lang='lat' dir='ltr'><strong>sit</strong></span> <span class='ocrx_word' id='word_1_422' title='bbox 332 4306 481 4374; x_wconf 83' lang='lat' dir='ltr'><strong>[nurnque,</strong></span> <span class='ocrx_word' id='word_1_423' title='bbox 500 4306 541 4358; x_wconf 85' lang='lat' dir='ltr'><strong>uti</strong></span> <span class='ocrx_word' id='word_1_424' title='bbox 560 4307 646 4367; x_wconf 82' lang='lat' dir='ltr'><strong>dicit,</strong></span> <span class='ocrx_word' id='word_1_425' title='bbox 665 4306 763 4360; x_wconf 82' lang='lat' dir='ltr'><strong>Aelius</strong></span> <span class='ocrx_word' id='word_1_426' title='bbox 778 4307 878 4362; x_wconf 76' lang='lat' dir='ltr'><strong>Gallus</strong></span> <span class='ocrx_word' id='word_1_427' title='bbox 895 4309 969 4378; x_wconf 66' lang='lat' dir='ltr'><strong>apud</strong></span> <span class='ocrx_word' id='word_1_428' title='bbox 984 4309 1108 4360; x_wconf 79' lang='lat' dir='ltr'><strong>Festum:</strong></span> <span class='ocrx_word' id='word_1_429' title='bbox 1139 4307 1229 4359; x_wconf 77' lang='lat' dir='ltr'><strong>saltas</strong></span> <span class='ocrx_word' id='word_1_430' title='bbox 1241 4309 1287 4356; x_wconf 72' lang='lat' dir='ltr'><strong>est,</strong></span> <span class='ocrx_word' id='word_1_431' title='bbox 1300 4293 1329 4342; x_wconf 64' lang='lat' dir='ltr'><strong>‘l&#39;</strong></span> 
     </span>
     <span class='ocr_line' id='line_1_51' title="bbox 277 4360 1328 4452; baseline -0.001 -25"><span class='ocrx_word' id='word_1_432' title='bbox 277 4375 363 4430; x_wconf 81' lang='lat' dir='ltr'><strong>silvae</strong></span> <span class='ocrx_word' id='word_1_433' title='bbox 388 4384 413 4428; x_wconf 90' lang='lat' dir='ltr'><strong>et</strong></span> <span class='ocrx_word' id='word_1_434' title='bbox 434 4375 573 4448; x_wconf 70' lang='lat' dir='ltr'><strong>pastIonee</strong></span> <span class='ocrx_word' id='word_1_435' title='bbox 597 4385 668 4434; x_wconf 80' lang='lat' dir='ltr'><strong>sunt.</strong></span> <span class='ocrx_word' id='word_1_436' title='bbox 705 4379 780 4434; x_wconf 80' lang='lat' dir='ltr'><strong>Hinc</strong></span> <span class='ocrx_word' id='word_1_437' title='bbox 799 4377 860 4434; x_wconf 81' lang='lat' dir='ltr'><strong>Cic.</strong></span> <span class='ocrx_word' id='word_1_438' title='bbox 880 4395 922 4431; x_wconf 86' lang='lat' dir='ltr'><strong>or.</strong></span> <span class='ocrx_word' id='word_1_439' title='bbox 940 4380 970 4432; x_wconf 77' lang='lat' dir='ltr'><strong>in</strong></span> <span class='ocrx_word' id='word_1_440' title='bbox 987 4385 1053 4449; x_wconf 77' lang='lat' dir='ltr'><strong>toga</strong></span> <span class='ocrx_word' id='word_1_441' title='bbox 1075 4379 1190 4452; x_wconf 65' lang='lat' dir='ltr'><strong>eandida</strong></span> <span class='ocrx_word' id='word_1_442' title='bbox 1208 4389 1263 4450; x_wconf 69' lang='lat' dir='ltr'><strong>pag.</strong></span> <span class='ocrx_word' id='word_1_443' title='bbox 1278 4360 1328 4420; x_wconf 59' lang='grc' dir='ltr'><strong>111ὅ</strong></span> 
     </span>
    </p>
   </div>
   <div class='ocr_carea' id='block_1_6' title="bbox 0 0 1415 5028">
    <p class='ocr_par' dir='ltr' id='par_1_12' title="bbox 0 0 1415 5028">
     <span class='ocr_line' id='line_1_52' title="bbox 0 0 1415 5028; baseline 0 0"><span class='ocrx_word' id='word_1_444' title='bbox 0 0 1415 5028; x_wconf 95' lang='lat' dir='ltr'><strong> </strong></span> 
     </span>
    </p>
   </div>
  </div>
 </body>
</html>
