2782 5022
367 331 429 394 ,ru
452 333 486 389 1..
512 329 816 392 oarrnrnau.
956 395 961 400 .
1063 331 1142 411 201

69 499 273 566 conscientiae
286 500 335 564 vis
350 511 452 579 esset,
474 503 632 566 ostendit.
652 523 726 565 nam
740 525 811 565 eum
824 501 860 562 id
871 509 986 583 posset
1000 500 1148 576 infitiari,

66 594 186 668 repente
204 593 335 668 praeter
355 587 542 675 opinionem
561 586 701 649 omnium
720 588 890 648 confessus
911 593 972 646 est.
1007 586 1054 648 ita
1076 605 1148 646 eum
1254 614 1255 623 ¹

66 691 121 730 non
136 669 226 730 modo
242 668 406 750 ingenium
423 670 526 744 illud,
550 679 583 731 et
603 671 736 735 dicendi
756 669 961 744 exercitatio,
975 691 1047 752 ¹<pua
1065 691 1146 730 sem·

65 751 243 833 pervoluit,
267 753 325 812 sed
346 753 454 826 etiam,
477 761 612 835 propter
631 753 694 814 vim
714 752 850 814 sceleris
868 752 1032 813 manifesti
1050 761 1147 835 atque

66 835 263 916 deprehensi,
285 835 507 916 impudentia,
530 858 592 918 qna
609 839 784 917 superabat
799 856 921 912 omnes,
943 834 1148 916 improbitas·

66 940 117 1001 que
135 918 263 979 delenit.
292 918 483 1000 Volturcius
500 942 578 980 vcro
596 921 705 981 subito
719 919 833 981 literas
848 909 988 1000 prose‘rri
1000 919 1026 999 ¹)
1049 926 1145 998 atque
1157 912 1197 967 12

12 1073 13 1076 Ἴ
65 1001 169 1080 aperiri
182 1002 306 1076 iussit,
331 1019 410 1085 quas
429 1001 493 1062 sibi
513 1027 530 1064 a
548 1003 690 1064 Lentulo
707 1004 748 1063 a'd
768 1001 944 1063 Catilinam
957 1002 1055 1062 datas
1074 1021 1147 1062 esse
1195 1013 1199 1020 ’

65 1084 189 1164 dicebat.
232 1086 343 1168 Atque
364 1085 412 1145 ibi
429 1085 713 1146 vehementissime
739 1086 948 1168 perturbatus
967 1083 1125 1144 Lentulus
1137 1127 1148 1157 ,
1174 1079 1176 1084 ’

12 1237 14 1242 ,
64 1175 157 1227 tamen
176 1175 208 1228 et
229 1167 355 1248 signum
375 1177 409 1229 et
430 1191 557 1228 manum
575 1190 664 1228 susm
677 1169 705 1250 ²)
730 1169 893 1249 cognovit.
923 1175 1014 1228 erant
1042 1175 1148 1226 autom

65 1251 191 1332 scriptae
211 1250 283 1312 sine
302 1252 443 1325 nomine,
467 1252 526 1312 sed
544 1251 609 1311 ita:
632 1252 660 1335 ³)
675 1253 739 1329 Qui
755 1255 825 1324 sim,
838 1253 918 1314 scies
936 1273 974 1312 ex
990 1273 1038 1324 eo,
1060 1272 1149 1332 qrcem

63 1335 99 1394 ad
117 1344 143 1395 te
161 1336 239 1396 misi.
273 1357 374 1408 eura,
405 1344 441 1396 nt
457 1337 511 1396 vir
529 1337 608 1418 sis⁴)
618 1380 630 1408 ,
658 1345 690 1396 et
708 1339 815 1419 coqita
833 1357 921 1416 praem
940 1336 973 1394 in
993 1335 1148 1396 locnmsis
1219 1401 1221 1418 Ι

60 1437 240 1502 propraetor.
281 1419 384 1491 vide,
424 1420 502 1499 qnid
530 1421 592 1478 iam
619 1419 680 1480 tibi
694 1422 737 1482 sit
757 1441 900 1491 necesse,
932 1425 964 1478 et
985 1438 1082 1488 cura,
1113 1424 1150 1478 nt
1236 1485 1237 1494 χ

65 1503 180 1561 omnium
209 1501 272 1560 tibi
293 1502 419 1562 auxilia
442 1503 621 1584 adiungas,
643 1504 738 1564 etiam
763 1504 946 1585 infimorum.
988 1499 1148 1560 Gabinius

65 1582 166 1642 deinde
193 1583 430 1657 introductus,
471 1605 541 1644 eum
576 1584 679 1664 primo
715 1575 922 1666 impudenter
947 1584 1148 1664 respondere

66 1666 233 1746 coepisset,
257 1667 300 1725 ad
320 1675 497 1727 extremum
514 1666 598 1726 nihil
622 1689 662 1727 ex
680 1668 740 1741 iis,
772 1691 854 1751 quae
875 1666 965 1728 Galli
982 1665 1147 1726 insimula-

65 1746 155 1840 hant,
174 1749 321 1830 negavit.
363 1750 509 1810 Aemilii
531 1750 678 1833 quidem,
709 1751 878 1827 Quirites,
909 1773 979 1810 eum
1001 1749 1061 1835 illa
1081 1739 1199 1809 eer-15

13 1883 14 1890 ,
66 1831 170 1892 tissima
191 1841 271 1892 sunt
290 1833 361 1895 visa
383 1843 570 1914 argumenta
588 1841 684 1915 atquc
708 1834 832 1894 indicia
854 1833 1011 1906 sceleris,
1044 1831 1173 1894 tahal-³
1239 1831 1259 1861 ⁵

69 1912 122 1988 lae,
140 1916 254 1996 signa,
278 1937 412 1991 manus,
436 1917 577 2000 denique
597 1918 853 2000 uniuscuiusque
874 1916 1059 1990 consessi03
1080 1923 1149 1976 turn
1247 1934 1251 1942 ·

12 2063 13 2078 ἢ
70 1995 147 2060 nulto
168 2000 314 2060 certiora
331 1999 443 2084 illut),
466 2001 567 2073 color,
591 2000 691 2074 oculi,
713 2001 835 2073 vultus,
857 1999 1075 2060 taciturnitas.
1100 1999 1148 2059 sio

69 2079 134 2142 enim
159 2084 420 2164 obstupuerant,
464 2084 512 2144 sic
546 2091 665 2144 terram
692 2083 922 2157 intuebantur,
961 2082 1009 2142 sic
1038 2082 1149 2142 furtim

12 2163 15 2169 ’
66 2183 278 2251 nonnunquam
307 2167 394 2227 inter
424 2187 459 2227 se
477 2157 736 2248 'adspiciehann
767 2176 803 2230 ut
827 2189 894 2228 non
920 2166 983 2241 ianr
1010 2166 1049 2226 alr
1076 2164 1149 2226 aliis
1232 2204 1243 2216 κ

64 2245 205 2324 indicari,
230 2250 292 2316 sed
313 2249 378 2331 ipsi
394 2273 412 2310 a
430 2244 465 2312 se
481 2251 671 2314 viderentur
684 2249 723 2334 ⁶).

13 2479 14 2484 ,
106 2417 283 2493 lips-ofedri
302 2424 408 2476 literas.
444 2425 474 2492 2)
500 2427 701 2494 signumsuum
720 2433 748 2478 et
766 2445 880 2488 manum.
916 2427 946 2492 5)
967 2425 1024 2496 Qui
1038 2426 1097 2486 siin,
1117 2443 1151 2476 cx

64 2507 91 2542 eo
107 2521 137 2532 ·-·
153 2497 232 2558 misi,
254 2513 413 2564 cognosces.
449 2497 481 2564 4)
501 2505 529 2549 et
548 2516 626 2565 quem
644 2498 673 2548 in
692 2499 782 2548 locum
801 2499 838 2550 sis
855 2514 1030 2567 progressus,
1048 2489 1172 2564 cogitas

64 2564 160 2616 etvide
186 2595 218 2606 -
247 2584 370 2620 neeesse.
399 2585 474 2622 cura.
513 2565 544 2636 6)
569 2568 620 2620 illa
639 2569 769 2622 certiora.
796 2567 828 2638 6)
846 2571 1032 2622 sedindicare
1049 2587 1078 2621 se
1096 2567 1151 2638 ipsi

12 2691 14 2696 ¹
63 2631 221 2704 viderentur.
418 2641 421 2650 “
510 2661 517 2670 ·

63 2729 404 2758 -—----.--

104 2813 214 2874 praeter
229 2808 386 2875 optationem.
425 2807 486 2860 Cic.
505 2811 541 2860 ad
556 2811 619 2864 Act.
634 2809 713 2862 VIII
731 2811 786 2863 1οι
822 2810 971 2880 Dionysius
987 2827 1044 2860 enm
1059 2807 1096 2858 ad
1111 2823 1154 2858 me

59 2883 157 2938 paster
174 2880 325 2948 opinionem
338 2897 420 2932 meam
433 2877 548 2931 venisset
563 2891 611 2938 ete.
647 2884 722 2934 Fam.
739 2880 820 2933 1192
861 2881 939 2944 (laod
958 2881 1023 2947 qnia
1040 2887 1151 2948 praeter
1225 2879 1263 2916 r*

62 2945 197 3012 optationem
214 2944 282 2999 milii
299 2949 444 3018 acciderat.
481 2953 555 3004 v.11
573 2954 635 3005 Cat.
655 2954 678 3021 5.
696 2951 742 3004 16.
758 2972 786 3021 p.
804 2953 823 3002 1.
839 2953 913 3002 Man.
927 2951 950 3018 5
965 2950 1014 3001 25.
1241 2949 1244 2955 ’

107 3018 247 3087 inperitam.
267 3037 292 3072 V·
306 3028 362 3078 not·
380 3023 415 3072 ad
432 3037 474 3075 01¹:
488 3042 515 3090 p.
532 3023 564 3074 s.
581 3026 684 3076 Roscio
701 3024 756 3092 5.1
775 3029 802 3074 et
818 3024 853 3074 ud
867 3041 907 3073 or.
922 3041 949 3092 p.
963 3020 1072 3072 Archia
1083 3019 1106 3086 5.
1122 3018 1150 3070 1.

62 3083 145 3138 Aliter
165 3091 279 3159 judicat
305 3093 338 3142 de
362 3094 457 3144 codem
481 3095 583 3146 Cicero
607 3097 635 3150 in
650 3097 740 3146 Bruto
755 3093 810 3154 66,
838 3093 914 3144 255:
951 3092 983 3142 Ρ.
1000 3091 1109 3140 Lentuli
1124 3095 1152 3138 et

61 3160 223 3228 excapitandi
245 3168 273 3228 et
296 3162 421 3228 loquendi
441 3165 597 3216 tarditatem
618 3168 723 3236 tepebat
739 3164 842 3232 sorrrsae
865 3164 1002 3232 dipaitas,
1031 3160 1150 3230 eorporis
1175 3193 1178 3200 ·

61 3236 135 3278 neonus
146 3231 244 3298 plenus
262 3238 288 3280 et
305 3235 374 3284 artis
391 3242 417 3284 et
430 3237 595 3293 venustatis,
614 3239 687 3287 vocis
703 3243 730 3285 et
745 3237 867 3285 suavitas
882 3242 908 3283 et
922 3232 1085 3303 maqraitudo.

106 3299 128 3366 5.
148 3301 196 3353 12.
233 3303 329 3352 literas
343 3303 471 3372 proferri.
499 3307 545 3357 Ita
561 3307 631 3374 Teg.
646 3308 710 3358 sal.
726 3306 814 3356 Arch.
828 3306 897 3358 Bar.
913 3304 994 3355 Parr.
1011 3304 1150 3373 plerique.

61 3365 90 3417 ln
103 3371 194 3422 verbis
214 3391 290 3440 seqq.
308 3376 436 3427 restituis
455 3385 482 3427 ct
501 3379 605 3446 mancam
620 3385 646 3426 et
664 3397 767 3428 ananam
783 3395 859 3426 snam
876 3377 1002 3444 cognouit
1019 3393 1051 3426 ex
1068 3374 1150 3426 omni·

60 3435 105 3490 lus
122 3449 242 3509 quatuor
256 3446 342 3497 Bavv.
357 3447 601 3503 novemParisinis
622 3454 648 3498 et
664 3467 696 3500 ex
712 3447 793 3498 libris
809 3447 923 3498 Mureti.

113 3511 226 3572 Tentata,
254 3517 331 3566 nulla
355 3519 525 3568 concedendi
547 3519 686 3586 particula
711 3519 913 3586 praecedente,
941 3516 1050 3584 saepius
1073 3514 1151 3582 poni,
1227 3529 1238 3552 a

61 3587 140 3633 reete
157 3586 301 3638 adnotavit
322 3588 407 3638 Beier
431 3581 467 3638 ad
485 3588 545 3640 cic.
566 3589 742 3650 0ff.1117‚
772 3590 827 3640 551
865 3588 920 3639 Sed
937 3588 1060 3654 qnoniam
1078 3586 1152 3653 operi

61 3649 194 3714 intrato,
217 3671 301 3724 prope
325 3664 411 3708 tannen
433 3660 571 3718 absolata,
598 3667 732 3727 tamqnam
752 3659 893 3731 fastigium
915 3657 1086 3725 imponimus.-
1101 3664 1150 3708 eto.

60 3736 83 3771 V·
100 3741 182 3791 θῦμα
205 3727 228 3794 ἓ
244 3726 291 3778 10.
328 3731 458 3796 p.·Sexto
475 3731 578 3782 Roscio
593 3730 704 3798 5104.
734 3737 761 3782 et
781 3749 850 3801 quae
869 3731 965 3781 laudat
981 3729 1068 3778 Beier
1087 3727 1106 3778 l.
1126 3745 1150 3780 c.

61 3788 146 3846 loff.
166 3798 189 3864 5
209 3795 257 3848 56.
278 3799 328 3849 01.
347 3799 364 3848 I
384 3799 430 3850 18.
450 3799 498 3850 52.
534 3802 619 3852 Verr.
639 3801 702 3854 Div.
723 3802 770 3852 15.

112 3865 165 3927 Qui
182 3869 248 3925 rias,
266 3871 343 3920 scies.
380 3867 508 3923 Turbant
526 3873 644 3924 codices.
680 3873 743 3940 Ego
762 3872 843 3929 dedi,
863 3876 894 3921 ut
912 3869 1016 3936 legitur
1034 3869 1063 3917 in
1080 3865 1150 3935 Teg.

63 3930 116 3984 sal.
131 3935 263 4006 Arolriep.
280 3941 350 3992 Bar.
369 3943 449 3993 Parr.
468 3942 495 3992 1.
510 3940 537 3993 li.
554 3942 581 3994 ⁷.
596 3943 624 3994 6.
645 3941 673 3994 2.
690 3944 718 3995 5.
735 3942 782 3994 10.
817 3943 860 3991 Ex
874 3941 916 3991 his
931 3946 1080 4008 praeterea
1097 3940 1150 3989 duo
1197 3964 1202 3970 ·

63 4007 339 4069 recentissimi,.Pa1·.
359 4011 397 4062 10
414 4019 441 4064 et
457 4014 526 4065 st.
544 4015 689 4066 exhibent:
716 4015 775 4082 quis
790 4015 840 4062 sim
856 4029 889 4060 ex
907 4029 955 4069 eo,
980 4029 1056 4076 quem
1071 4010 1108 4059 ad
1125 4017 1151 4058 te
1178 4019 1183 4027 '

63 4075 117 4125 misi
128 4079 210 4138 scies3
230 4079 295 4131 Par.
312 4081 348 4132 8:
368 4083 414 4148 qni
428 4084 478 4132 sim
487 4087 561 4135 *scies
572 4113 603 4124 -
616 4085 678 4136 aide
692 4092 727 4143 et,
745 4085 786 4134 uti
801 4083 888 4134 edidit
901 4080 1049 4134 Graevius.
1067 4080 1148 4131 Parc.

63 4142 166 4199 1119.
183 4150 242 4200 tere
261 4169 321 4204 cum
334 4153 353 4203 l.
371 4154 485 4220 vulgata
505 4153 688 4208 consentiunt:
721 4173 746 4206 v.
764 4155 835 4205 Sall.
855 4152 918 4203 cat.
937 4149 986 4203 dt.

110 4217 261 4287 infimorum.
298 4223 350 4275 list
365 4231 454 4276 autem
469 4225 560 4277 infima
580 4227 700 4278 conditio
726 4233 753 4277 et
770 4227 882 4276 fortuna
900 4241 1050 4275 servorum.
1088 4219 1148 4270 Cic.

67 4283 537 4445 ί181)ίῖ151.11111611ιιιὶψίσίιὸιυιέ.
555 4332 1098 4436 Eademloquenditorrnainverr.d.
1114 4357 1147 4406 72
1247 4427 1252 4434 Ι
1321 4349 1323 4360 '
