2824 5018
442 391 536 449 uno
560 389 594 447 n.
620 383 836 498 nunnus.
1081 385 1189 480 '559

83 581 173 624 vare.
201 561 311 648 Atque
321 561 368 626 ita
377 581 434 628 vos
446 561 510 648 st¹)
520 561 670 638 Murena,
679 561 821 638 indices,
830 566 903 623 orat
912 565 1009 644 atque
1018 519 1187 634 obsecrita

81 646 116 708 si
135 643 258 706 iniuste
283 641 454 709 neminem
469 646 587 720 lacsit3
620 645 650 706 si
674 644 800 706 nullius
816 659 917 706 'aures
942 641 1185 704 voluntatemve

8 743 12 776 '-
81 727 243 802 violavit3
272 730 301 790 si
318 731 460 805 nemini,
487 737 524 792 ut
541 728 707 790 levissime
728 727 854 802 dicam,
877 725 974 802 odio,
995 726 1186 803 usedomi,

8 831 11 863 ι
81 833 147 873 nec
168 810 326 888 militiae,
356 815 435 874 init:
468 815 513 874 sit
535 812 621 895 apud
639 832 697 873 vos
715 810 896 873 modestiae
915 810 1030 882 locus,
1061 807 1109 869 sit
1128 809 1185 871 de·

7 915 14 948 t
78 893 193 956 missis
211 895 395 957 hominibus
412 896 612 978 perfugium,
642 893 687 956 sit
707 895 862 956 auxilium
879 893 1008 977 pudori.
1053 889 1187 954 Miseri·

9 999 14 1008 ·
80 977 229 1038 cordiam
245 977 399 1060 spoliatio
415 979 603 1042 consulatus
618 998 763 1058 magnam
777 977 898 1039 habere
913 975 1025 1048 debet,
1045 973 1186 1037 iudices.

11 1083 13 1138 ζ
75 1082 146 1121 una
166 1061 250 1122 enim
275 1062 458 1145 eripiuntur
479 1083 551 1124 cnm
572 1060 745 1124 consulatu
766 1061 882 1123 omnia.
912 1047 1086 1122 flavidiam
1105 1078 1183 1140 vcro

6 1167 15 1203 .:
75 1141 134 1205 lais
149 1143 349 1225 temporibus
365 1144 486 1206 hahere
502 1143 692 1206 consulatus
704 1143 777 1226 ipse
790 1143 912 1205 nullam
922 1149 1044 1225 potest.
1067 1139 1185 1203 obiici-

6 1255 18 1288 ι·
75 1235 137 1288 tur
155 1226 240 1287 enim
262 1228 476 1289 concionibus
498 1227 752 1302 seditiosorum,
774 1226 907 1288 insidiis
930 1224 1183 1302 coniuratorum,

12 1338 21 1372 ι
76 1307 160 1371 telis
173 1309 351 1372 Catilinae:
367 1311 408 1371 ad
420 1332 512 1373 omne
523 1311 666 1394 denique
677 1310 869 1393 periculum,
892 1317 989 1395 atque
1002 1309 1043 1370 ad
1055 1327 1182 1370 omnem

5 1423 19 1460 a
79 1392 339 1455 invidiamsolus
353 1394 537 1476 opponitur.
566 1395 676 1471 Quare
690 1394 769 1476 qnid
782 1393 993 1456 invidendum
1007 1376 1230 1466 Murenae,88

5 1505 23 1538 ιτ.
84 1481 138 1536 ant
157 1476 307 1560 cuiquam
325 1485 471 1539 nostrum
494 1478 538 1538 sit
557 1475 594 1536 iu
612 1477 675 1554 hoc
694 1476 863 1558 praeclaro
888 1476 1079 1549 consulatu,
1111 1495 1180 1538 non

4 1556 24 1641 ,Δ
80 1557 189 1632 video,
211 1558 349 1622 iudices.
378 1581 460 1646 quae
479 1578 559 1622 vero
583 1560 768 1622 miseranda
784 1567 877 1635 sunt,
899 1581 942 1624 ea
955 1567 989 1620 ct
1004 1559 1085 1620 mihi
1102 1566 1178 1620 ante

76 1641 194 1703 oculos
212 1653 403 1718 versantur,
426 1654 460 1705 et
479 1665 537 1705 vos
556 1643 669 1705 videre
684 1651 718 1705 et
733 1644 923 1726 perspicere
941 1641 1096 1725 potestis.

142 1725 220 1786 Gar.
243 1727 407 1788 xxxxl.
450 1727 487 1787 Si
516 1726 627 1825 (guod
643 1727 778 1808 Jupiter
799 1747 894 1789 omen
921 1723 1068 1809 avertat)
1090 1723 1178 1787 lannc

74 1809 197 1870 vestris
208 1811 382 1871 sententiis
393 1809 570 1873 afflixeritis
581 1835 591 1883 ς
602 1830 665 1893 quo
676 1831 711 1870 se
725 1809 962 1871 miservertet?
980 1808 1177 1870 domumne?

7 1893 15 1958 ’.’
73 1899 115 1954 ut
138 1913 207 1958 eam
226 1893 397 1974 imaginem
411 1893 585 1955 clarissimi
601 1894 675 1967 viri,
696 1894 842 1974 parentis
861 1893 924 1966 sui,
946 1912 1041 1976 quam
1060 1891 1177 1973 paucis

2 1967 16 2039 1‘,
76 1981 156 2036 ante
169 1975 284 2038 diebus
296 1977 474 2040 laureatam
485 1977 521 2037 in
533 1998 591 2037 sua
602 1974 820 2058 gratulatione
832 1975 1018 2058 conspexit,
1040 1973 1177 2053 eandem
1266 1989 1271 2010 ‘

2 2058 19 2090 Ψ
74 2057 288 2120 deformatam
305 2061 483 2142 ignominia
500 2060 730 2142 lugentemque
749 2059 883 2121 videat?
905 2081 947 2121 an
963 2059 1006 2119 ad
1020 2065 1176 2132 matrem,

16 2160 19 2200 ε
66 2163 156 2224 quae
180 2143 298 2206 misera
323 2144 419 2205 modo
446 2143 613 2206 consulem
642 2141 790 2205 osculata
814 2143 916 2206 filium
939 2162 1051 2216 suurn,
1084 2159 1173 2205 nunc

1 2245 19 2278 a
63 2225 236 2286 ,cruciatur
253 2233 287 2287 et
303 2226 450 2288 sollicita
468 2228 531 2300 est,
552 2249 593 2289 ne
615 2227 752 2287 eundem
765 2226 877 2309 paullo
897 2233 975 2307 post
994 2223 1171 2307 spoliatum

70 2308 158 2368 omni
174 2308 334 2389 dignitate
355 2305 563 2393 conspiciat?
594 2310 662 2370 Sed
703 2309 760 2371 uid
777 2330 838 2389 ego
853 2317 1006 2392 matrem,
1035 2313 1091 2367 ant
1112 2293 1221 2368 ‹to-⁰⁹

7 2459 15 2470 Ι,
68 2411 156 2452 anum
174 2391 322 2474 appello,
345 2413 440 2476 quem
458 2413 541 2452 nova
556 2414 663 2475 poena
680 2333 764 2473 iegis
784 2401 818 2453 et
837 2391 950 2466 domo,
972 2397 1006 2452 et
1022 2397 1173 2471 parente,

8 2469 16 2544 ’ζ
69 2479 106 2533 ct
128 2475 266 2536 omnium
286 2496 414 2538 suorum
433 2475 669 2538 consuetudine
687 2481 930 2574 conspectuque
946 2473 1077 2556 privat?
1099 2472 1172 2536 Ibit

10 2604 17 2629 1
71 2555 175 2633 igitur
194 2556 229 2616 in
245 2558 393 2618 exsilium
415 2558 539 2636 miser?
572 2559 664 2642 qno?
696 2558 738 2618 ad
758 2557 948 2620 Orientisne
970 2564 1104 2638 partes,
1132 2557 1170 2618 in

0 2691 2 2702 ,
74 2636 194 2720 quihus
210 2660 307 2701 annos
321 2640 441 2702 multos
458 2641 585 2722 legatus
601 2640 684 2714 fuit,
707 2651 741 2701 et
758 2640 921 2702 exercitus
936 2640 1044 2714 duxit,
1066 2647 1100 2702 et
1116 2661 1170 2702 res

1 2736 14 2784 :t
68 2721 224 2810 maximae
252 2724 379 2805 gessit?
411 2724 457 2789 At
485 2724 586 2800 hahet
609 2737 758 2806 magnum
785 2723 965 2798 dolorem,-
985 2723 1072 2786 unde
1096 2745 1170 2787 cum

123 2927 154 2995 1)
171 2928 212 2982 ita
225 2947 274 2983 vos
288 2929 417 2984 Murena:

63 3095 178 3165 estjam
192 3097 354 3163 Ernestius3
381 3119 496 3172 namque
512 3101 584 3155 illud
602 3103 643 3155 ita
666 3103 810 3172 requirere
826 3100 1049 3174 insequentibus
1069 3108 1118 3162 at,
1144 3108 1174 3154 et

2 3185 6 3195 ’
61 3167 163 3236 paullo
186 3176 251 3240 post
265 3170 368 3223 debere
388 3189 446 3224 esse
464 3173 592 3231 laeserit,
620 3174 782 3232 violaverit,
809 3173 913 3244 fuerin·
941 3173 993 3224 illa
1009 3173 1128 3241 deniqne
1143 3172 1171 3224 si

2 3273 7 3280 .
62 3237 140 3304 apud
151 3255 198 3289 aas
212 3249 261 3292 ete.
285 3243 373 3310 magis
400 3244 547 3296 convenire
562 3242 873 3316 Ciceronis'persouae.
916 3243 1016 3314 Itaque
1036 3249 1171 3314 puuctum

1 3324 5 3353 .’
57 3309 140 3360 fecit
155 3313 219 3378 post
235 3328 282 3362 nec
300 3314 415 3364 militiae
428 3313 492 3384 fait.
706 3338 708 3342 ¹

4 3396 9 3418 2
117 3379 197 3432 xnl.
239 3399 291 3450 gae
316 3401 346 3434 se
366 3387 470 3435 vertet?
514 3383 610 3453 Quint.
630 3385 676 3436 vl
701 3385 737 3445 l,
765 3384 805 3437 25
826 3385 860 3437 de
886 3385 1030 3438 affectibus
1047 3385 1078 3438 in
1103 3403 1169 3457 pet·-

5 3476 9 3484 ν
56 3452 209 3504 oratione:
245 3453 393 3505 Portam
414 3455 490 3506 valet
510 3456 656 3516 miseratio.
691 3457 769 3508 Haec
780 3463 888 3526 petetur
902 3462 951 3508 aut
964 3474 1000 3507 ex
1017 3457 1072 3516 iis,
1097 3475 1168 3525 qaae

1 3539 2 3542 ¹
49 3537 158 3592 passas
175 3529 217 3574 eat
230 3541 309 3582 reas,
327 3531 376 3574 aut
389 3541 424 3575 ex
439 3526 488 3584 iis,
506 3543 574 3592 guae
589 3547 647 3580 οιιιιι
660 3528 773 3579 maxiroe
784 3529 900 3598 patitur,
918 3533 967 3577 aot
981 3545 1016 3578 ex
1033 3528 1078 3586 tta,
1096 3545 1167 3595 qaae

51 3590 217 3644 damnatam
239 3601 360 3646 rnaueate
387 3613 455 3662 qaae
480 3603 507 3645 et
529 3597 588 3664 ipsa
609 3599 798 3668 duplicantur,
826 3616 883 3648 cana
900 3597 1029 3656 dirimas,
1057 3616 1092 3650 ex
1109 3615 1165 3666 qua

0 3685 3 3696 »
48 3663 106 3714 illi
130 3661 257 3728 dartana,
283 3673 310 3715 et
332 3666 362 3716 ιἰι
380 3683 460 3733 qaam
482 3666 650 3720 recidendam
670 3671 717 3721 eit.
751 3670 831 3720 Idem
847 3667 897 3720 ‘xl
919 3668 955 3727 ὅ,
983 3667 1043 3720 Ηὸ
1068 3669 1166 3722 laudat

46 3733 181 3786 similem
205 3741 301 3788 nostro
323 3735 413 3788 locum
436 3755 469 3789 ex
491 3754 532 3788 or.
561 3737 595 3792 C.
620 3739 760 3800 Gracchi,
788 3755 869 3807 (Ῑιιιιιι
893 3743 921 3790 ct
943 3737 1005 3789 Cio.
1024 3738 1109 3792 affert
1132 3741 1167 3792 de

47 3806 144 3857 Orat.
161 3804 283 3857 1118&
323 3806 396 3869 Quid
407 3806 462 3877 fait
475 3809 504 3860 ἰιι
520 3805 661 3869 Graccho,
692 3811 818 3877 quadrae
830 3825 914 3878 puero
928 3815 1069 3877 tantopere
1082 3809 1169 3878 ferre·

44 3877 126 3927 tar?
167 3875 645 3946 Qraorraemisercooferam?
680 3898 744 3949 qao
768 3881 923 3930 vertam?
956 3879 994 3929 ιἰι
1020 3877 1166 3950 Capito·

42 3948 216 3998 tirasone?
264 3953 303 3997 at
328 3946 464 4016 fratris
497 3953 674 4021 sanguine
708 3948 898 4021 redundat.
938 3966 982 3998 aa
1012 3949 1166 4004 domam?

42 4022 254 4069 naatremae
271 4024 310 4068 at
327 4019 487 4071 miseram
505 4019 832 4088 lamentanteraque
848 4019 985 4071 videam
1003 4027 1035 4071 et
1052 4022 1166 4093 abjec-

43 4085 153 4138 tam?
192 4083 269 4149 Quae
287 4088 326 4138 sie
344 4090 378 4139 ab
394 4089 444 4141 illo
461 4097 593 4142 aetaesse
608 4094 749 4143 constabat
764 4089 865 4147 oculis,
891 4107 972 4147 voce,
995 4100 1089 4161 gesta,
1115 4095 1166 4145 ini·

42 4159 121 4210 me'ei
146 4163 177 4207 ut
198 4157 332 4225 lacrymas
352 4168 440 4211 tenere
457 4178 510 4211 non
524 4170 642 4230 possent.
679 4180 703 4214 v.
722 4163 791 4214 ibid.
807 4159 834 4211 ii.
852 4160 879 4212 8.
907 4167 936 4212 ct
951 4161 1050 4230 Eurip.
1064 4163 1166 4216 Medea

37 4227 137 4284 489:
179 4227 243 4284 Νῦν
263 4238 318 4285 ποῖ
342 4231 516 4305 redemptam
543 4234 653 4308 πότερα
668 4238 738 4324 πρὸς
756 4235 865 4302 πατρὸς
879 4229 992 4302 δόμους
1044 4230 1100 4299 οὖς’
1118 4239 1168 4290 σοὶ

34 4324 61 4360 π
88 4294 216 4356 οδοῦσα
243 4303 295 4354 καὶ
325 4301 440 4374 πάτραν
471 4304 642 4377 ἁφικόμηυ;
677 4327 696 4372 η
726 4308 796 4376 πρὸς
822 4298 971 4370 ταλαίνας
996 4274 1164 4374 ilsdaddoe53

75 4368 158 4423 erla
176 4369 314 4440 imaginem
328 4370 458 4443 lugentem
475 4371 570 4425 laudat
584 4373 699 4427 Servius
715 4375 751 4426 ad
766 4373 837 4426 Aen.
855 4369 905 4422 111
920 4369 968 4423 (34.
