<?xml version="1.0" encoding="UTF-8"?>
<!DOCTYPE html PUBLIC "-//W3C//DTD XHTML 1.0 Transitional//EN"
    "http://www.w3.org/TR/xhtml1/DTD/xhtml1-transitional.dtd">
<html xmlns="http://www.w3.org/1999/xhtml" xml:lang="en" lang="en">
 <head>
  <title>
</title>
<meta http-equiv="Content-Type" content="text/html;charset=utf-8" />
  <meta name='ocr-system' content='tesseract 3.04.00' />
  <meta name='ocr-capabilities' content='ocr_page ocr_carea ocr_par ocr_line ocrx_word'/>
</head>
<body>
  <div class='ocr_page' id='page_1' title='image "./mtulliiciceroni67cicegoog/mtulliiciceroni67cicegoog_0038.png"; bbox 0 0 2854 5024; ppageno 0'>
   <div class='ocr_carea' id='block_1_1' title="bbox 268 277 1188 425">
    <p class='ocr_par' dir='ltr' id='par_1_1' title="bbox 268 275 1188 425">
     <span class='ocr_line' id='line_1_1' title="bbox 268 277 1188 425; baseline 0.002 -43"><span class='ocrx_word' id='word_1_1' title='bbox 268 277 271 286; x_wconf 64' lang='grc'><strong>’</strong></span> <span class='ocrx_word' id='word_1_2' title='bbox 299 299 395 387; x_wconf 67' lang='lat' dir='ltr'><strong>&#39;rso</strong></span> <span class='ocrx_word' id='word_1_3' title='bbox 412 323 501 382; x_wconf 76' lang='lat' dir='ltr'><strong>sss.</strong></span> <span class='ocrx_word' id='word_1_4' title='bbox 519 292 676 384; x_wconf 79' lang='lat' dir='ltr'><strong>soscm</strong></span> <span class='ocrx_word' id='word_1_5' title='bbox 691 325 891 390; x_wconf 73' lang='lat' dir='ltr'><strong>suumne.</strong></span> <span class='ocrx_word' id='word_1_6' title='bbox 1101 335 1156 412; x_wconf 66' lang='grc' dir='ltr'><em>ῃ</em></span> <span class='ocrx_word' id='word_1_7' title='bbox 1187 416 1188 425; x_wconf 11' lang='grc' dir='ltr'><strong><em>Ν</em></strong></span> 
     </span>
    </p>
   </div>
   <div class='ocr_carea' id='block_1_2' title="bbox 19 491 1262 1996">
    <p class='ocr_par' dir='ltr' id='par_1_2' title="bbox 63 491 1262 744">
     <span class='ocr_line' id='line_1_2' title="bbox 63 491 1154 578; baseline 0.002 -18"><span class='ocrx_word' id='word_1_8' title='bbox 63 491 271 569; x_wconf 73' lang='grc' dir='ltr'><strong>110οοί1,νὶιί</strong></span> <span class='ocrx_word' id='word_1_9' title='bbox 292 493 408 576; x_wconf 87' lang='lat' dir='ltr'><strong>optimi</strong></span> <span class='ocrx_word' id='word_1_10' title='bbox 429 501 526 578; x_wconf 85' lang='lat' dir='ltr'><strong>atque</strong></span> <span class='ocrx_word' id='word_1_11' title='bbox 549 493 787 572; x_wconf 73' lang='lat' dir='ltr'><strong>honestissimi,</strong></span> <span class='ocrx_word' id='word_1_12' title='bbox 810 496 905 560; x_wconf 87' lang='lat' dir='ltr'><strong>honis</strong></span> <span class='ocrx_word' id='word_1_13' title='bbox 923 497 1099 563; x_wconf 81' lang='lat' dir='ltr'><strong>iactantem</strong></span> <span class='ocrx_word' id='word_1_14' title='bbox 1119 523 1154 562; x_wconf 87' lang='lat' dir='ltr'><strong>se</strong></span> 
     </span>
     <span class='ocr_line' id='line_1_3' title="bbox 63 578 1262 664; baseline 0.001 -21"><span class='ocrx_word' id='word_1_15' title='bbox 63 605 95 643; x_wconf 88' lang='lat' dir='ltr'><strong>ae</strong></span> <span class='ocrx_word' id='word_1_16' title='bbox 115 578 329 664; x_wconf 73' lang='lat' dir='ltr'><strong>dominantem</strong></span> <span class='ocrx_word' id='word_1_17' title='bbox 344 578 384 638; x_wconf 76' lang='lat' dir='ltr'><strong>T.</strong></span> <span class='ocrx_word' id='word_1_18' title='bbox 402 578 578 650; x_wconf 83' lang='lat' dir='ltr'><strong>Roscium.¹</strong></span> <span class='ocrx_word' id='word_1_19' title='bbox 611 578 729 662; x_wconf 88' lang='lat' dir='ltr'><strong>ltaque</strong></span> <span class='ocrx_word' id='word_1_20' title='bbox 752 581 964 646; x_wconf 82' lang='lat' dir='ltr'><strong>decurionum</strong></span> <span class='ocrx_word' id='word_1_21' title='bbox 987 585 1206 647; x_wconf 78' lang='lat' dir='ltr'><strong>decretumtttt</strong></span> <span class='ocrx_word' id='word_1_22' title='bbox 1260 619 1262 626; x_wconf 69' lang='lat'><strong>,</strong></span> 
     </span>
     <span class='ocr_line' id='line_1_4' title="bbox 63 660 1154 744; baseline 0.004 -19"><span class='ocrx_word' id='word_1_23' title='bbox 63 664 163 726; x_wconf 89' lang='lat' dir='ltr'><strong>statim</strong></span> <span class='ocrx_word' id='word_1_24' title='bbox 183 663 238 736; x_wconf 81' lang='lat' dir='ltr'><strong>fit,</strong></span> <span class='ocrx_word' id='word_1_25' title='bbox 271 669 306 722; x_wconf 92' lang='lat' dir='ltr'><strong>ut</strong></span> <span class='ocrx_word' id='word_1_26' title='bbox 339 661 452 722; x_wconf 84' lang='lat' dir='ltr'><strong>decem</strong></span> <span class='ocrx_word' id='word_1_27' title='bbox 478 660 574 742; x_wconf 90' lang='lat' dir='ltr'><strong>primi</strong></span> <span class='ocrx_word' id='word_1_28' title='bbox 604 664 856 744; x_wconf 83' lang='lat' dir='ltr'><strong>proficiscantur</strong></span> <span class='ocrx_word' id='word_1_29' title='bbox 886 667 927 726; x_wconf 85' lang='lat' dir='ltr'><strong>ad</strong></span> <span class='ocrx_word' id='word_1_30' title='bbox 949 666 986 726; x_wconf 70' lang='grc' dir='ltr'><strong>Ι..</strong></span> <span class='ocrx_word' id='word_1_31' title='bbox 1009 668 1154 742; x_wconf 80' lang='lat' dir='ltr'><strong>Sullam,</strong></span> 
     </span>
    </p>

    <p class='ocr_par' dir='ltr' id='par_1_3' title="bbox 19 745 1228 1996">
     <span class='ocr_line' id='line_1_5' title="bbox 19 745 1228 833; baseline 0.003 -25"><span class='ocrx_word' id='word_1_32' title='bbox 19 797 22 801; x_wconf 92' lang='lat'><strong>.</strong></span> <span class='ocrx_word' id='word_1_33' title='bbox 63 750 257 829; x_wconf 75' lang='lat' dir='ltr'><strong>doceantque</strong></span> <span class='ocrx_word' id='word_1_34' title='bbox 281 766 372 818; x_wconf 86' lang='lat' dir='ltr'><strong>eum,</strong></span> <span class='ocrx_word' id='word_1_35' title='bbox 397 745 453 828; x_wconf 86' lang='lat' dir='ltr'><strong>qni</strong></span> <span class='ocrx_word' id='word_1_36' title='bbox 474 745 524 805; x_wconf 81' lang='lat' dir='ltr'><strong>vir</strong></span> <span class='ocrx_word' id='word_1_37' title='bbox 546 745 621 804; x_wconf 89' lang='lat' dir='ltr'><strong>Sex.</strong></span> <span class='ocrx_word' id='word_1_38' title='bbox 644 745 785 807; x_wconf 85' lang='lat' dir='ltr'><strong>Roscius</strong></span> <span class='ocrx_word' id='word_1_39' title='bbox 808 748 927 809; x_wconf 78' lang='lat' dir='ltr'><strong>suerit:</strong></span> <span class='ocrx_word' id='word_1_40' title='bbox 952 771 1156 833; x_wconf 82' lang='lat' dir='ltr'><strong>conqueran-</strong></span> <span class='ocrx_word' id='word_1_41' title='bbox 1221 777 1228 786; x_wconf 60' lang='lat'><strong>.</strong></span> 
     </span>
     <span class='ocr_line' id='line_1_6' title="bbox 62 827 1156 904; baseline 0.004 -13"><span class='ocrx_word' id='word_1_42' title='bbox 62 839 108 892; x_wconf 88' lang='lat' dir='ltr'><strong>tur</strong></span> <span class='ocrx_word' id='word_1_43' title='bbox 129 831 167 889; x_wconf 89' lang='lat' dir='ltr'><strong>de</strong></span> <span class='ocrx_word' id='word_1_44' title='bbox 189 830 328 890; x_wconf 90' lang='lat' dir='ltr'><strong>istorum</strong></span> <span class='ocrx_word' id='word_1_45' title='bbox 350 829 476 888; x_wconf 87' lang='lat' dir='ltr'><strong>scelere</strong></span> <span class='ocrx_word' id='word_1_46' title='bbox 500 835 533 888; x_wconf 91' lang='lat' dir='ltr'><strong>et</strong></span> <span class='ocrx_word' id='word_1_47' title='bbox 554 827 701 888; x_wconf 88' lang='lat' dir='ltr'><strong>iniuriis:</strong></span> <span class='ocrx_word' id='word_1_48' title='bbox 725 839 832 904; x_wconf 86' lang='lat' dir='ltr'><strong>orent,</strong></span> <span class='ocrx_word' id='word_1_49' title='bbox 855 840 891 892; x_wconf 91' lang='lat' dir='ltr'><strong>ut</strong></span> <span class='ocrx_word' id='word_1_50' title='bbox 908 839 942 892; x_wconf 89' lang='lat' dir='ltr'><strong>ct</strong></span> <span class='ocrx_word' id='word_1_51' title='bbox 961 833 1051 894; x_wconf 89' lang='lat' dir='ltr'><strong>illius</strong></span> <span class='ocrx_word' id='word_1_52' title='bbox 1071 856 1156 896; x_wconf 90' lang='lat' dir='ltr'><strong>mor·</strong></span> 
     </span>
     <span class='ocr_line' id='line_1_7' title="bbox 61 909 1203 996; baseline 0.005 -22"><span class='ocrx_word' id='word_1_53' title='bbox 61 915 106 974; x_wconf 89' lang='lat' dir='ltr'><strong>tui</strong></span> <span class='ocrx_word' id='word_1_54' title='bbox 129 915 262 984; x_wconf 82' lang='lat' dir='ltr'><strong>lamam,</strong></span> <span class='ocrx_word' id='word_1_55' title='bbox 294 918 327 971; x_wconf 90' lang='lat' dir='ltr'><strong>et</strong></span> <span class='ocrx_word' id='word_1_56' title='bbox 354 909 415 971; x_wconf 86' lang='lat' dir='ltr'><strong>lilii</strong></span> <span class='ocrx_word' id='word_1_57' title='bbox 441 911 627 973; x_wconf 87' lang='lat' dir='ltr'><strong>innocentis</strong></span> <span class='ocrx_word' id='word_1_58' title='bbox 650 912 798 996; x_wconf 84' lang='lat' dir='ltr'><strong>fortunas</strong></span> <span class='ocrx_word' id='word_1_59' title='bbox 831 924 1040 978; x_wconf 83' lang='lat' dir='ltr'><strong>conservatas</strong></span> <span class='ocrx_word' id='word_1_60' title='bbox 1063 918 1155 979; x_wconf 85' lang='lat' dir='ltr'><strong>velit.</strong></span> <span class='ocrx_word' id='word_1_61' title='bbox 1200 916 1203 926; x_wconf 85' lang='grc'><strong>’</strong></span> 
     </span>
     <span class='ocr_line' id='line_1_8' title="bbox 62 993 1157 1082; baseline 0.006 -26"><span class='ocrx_word' id='word_1_62' title='bbox 62 998 161 1080; x_wconf 82' lang='lat' dir='ltr'><strong>Atque</strong></span> <span class='ocrx_word' id='word_1_63' title='bbox 192 995 298 1076; x_wconf 85' lang='lat' dir='ltr'><strong>ipsum</strong></span> <span class='ocrx_word' id='word_1_64' title='bbox 329 993 518 1067; x_wconf 86' lang='lat' dir='ltr'><strong>decretum,</strong></span> <span class='ocrx_word' id='word_1_65' title='bbox 554 1015 698 1076; x_wconf 82' lang='lat' dir='ltr'><strong>quaeso,</strong></span> <span class='ocrx_word' id='word_1_66' title='bbox 735 999 936 1078; x_wconf 77' lang='lat' dir='ltr'><strong>cognoscite.</strong></span> <span class='ocrx_word' id='word_1_67' title='bbox 966 997 1157 1082; x_wconf 50' lang='lat' dir='ltr'><strong>&#39;decretum</strong></span> 
     </span>
     <span class='ocr_line' id='line_1_9' title="bbox 62 1076 1158 1163; baseline 0.005 -23"><span class='ocrx_word' id='word_1_68' title='bbox 62 1081 263 1152; x_wconf 79' lang='lat' dir='ltr'><strong>decurionum.</strong></span> <span class='ocrx_word' id='word_1_69' title='bbox 307 1076 425 1158; x_wconf 84' lang='lat' dir='ltr'><strong>Legati</strong></span> <span class='ocrx_word' id='word_1_70' title='bbox 442 1077 477 1136; x_wconf 90' lang='lat' dir='ltr'><strong>in</strong></span> <span class='ocrx_word' id='word_1_71' title='bbox 494 1084 601 1137; x_wconf 88' lang='lat' dir='ltr'><strong>castra</strong></span> <span class='ocrx_word' id='word_1_72' title='bbox 616 1079 761 1139; x_wconf 84' lang='lat' dir='ltr'><strong>veniunt.</strong></span> <span class='ocrx_word' id='word_1_73' title='bbox 784 1081 995 1163; x_wconf 75' lang='lat' dir='ltr'><strong>intelligitur,</strong></span> <span class='ocrx_word' id='word_1_74' title='bbox 1016 1083 1158 1158; x_wconf 88' lang='lat' dir='ltr'><strong>iudices,</strong></span> 
     </span>
     <span class='ocr_line' id='line_1_10' title="bbox 62 1159 1171 1246; baseline 0.006 -24"><span class='ocrx_word' id='word_1_75' title='bbox 62 1164 103 1237; x_wconf 92' lang='lat' dir='ltr'><strong>id,</strong></span> <span class='ocrx_word' id='word_1_76' title='bbox 124 1163 209 1246; x_wconf 91' lang='lat' dir='ltr'><strong>quod</strong></span> <span class='ocrx_word' id='word_1_77' title='bbox 230 1161 294 1223; x_wconf 86' lang='lat' dir='ltr'><strong>iem</strong></span> <span class='ocrx_word' id='word_1_78' title='bbox 317 1169 392 1222; x_wconf 83' lang='lat' dir='ltr'><strong>ante</strong></span> <span class='ocrx_word' id='word_1_79' title='bbox 414 1160 495 1233; x_wconf 83' lang='lat' dir='ltr'><strong>dixi,</strong></span> <span class='ocrx_word' id='word_1_80' title='bbox 517 1159 723 1240; x_wconf 80' lang='lat' dir='ltr'><strong>imprudente</strong></span> <span class='ocrx_word' id='word_1_81' title='bbox 747 1163 784 1222; x_wconf 82' lang='lat' dir='ltr'><strong>L.</strong></span> <span class='ocrx_word' id='word_1_82' title='bbox 803 1163 908 1238; x_wconf 79' lang='lat' dir='ltr'><strong>Sulla,</strong></span> <span class='ocrx_word' id='word_1_83' title='bbox 932 1166 1171 1228; x_wconf 81' lang='lat' dir='ltr'><strong>seelerahaoc.</strong></span> 
     </span>
     <span class='ocr_line' id='line_1_11' title="bbox 64 1243 1167 1329; baseline 0.005 -23"><span class='ocrx_word' id='word_1_84' title='bbox 64 1256 93 1306; x_wconf 91' lang='lat' dir='ltr'><strong>et</strong></span> <span class='ocrx_word' id='word_1_85' title='bbox 111 1244 230 1326; x_wconf 86' lang='lat' dir='ltr'><strong>flagitia</strong></span> <span class='ocrx_word' id='word_1_86' title='bbox 250 1244 332 1304; x_wconf 86' lang='lat' dir='ltr'><strong>fieri.</strong></span> <span class='ocrx_word' id='word_1_87' title='bbox 374 1243 457 1304; x_wconf 86' lang='lat' dir='ltr'><strong>Nam</strong></span> <span class='ocrx_word' id='word_1_88' title='bbox 487 1244 597 1304; x_wconf 89' lang='lat' dir='ltr'><strong>statim</strong></span> <span class='ocrx_word' id='word_1_89' title='bbox 617 1243 854 1328; x_wconf 76' lang='lat' dir='ltr'><strong>Chrysogonus</strong></span> <span class='ocrx_word' id='word_1_90' title='bbox 886 1249 1012 1329; x_wconf 87' lang='lat' dir='ltr'><strong>etipse</strong></span> <span class='ocrx_word' id='word_1_91' title='bbox 1035 1251 1077 1310; x_wconf 89' lang='lat' dir='ltr'><strong>ad</strong></span> <span class='ocrx_word' id='word_1_92' title='bbox 1100 1268 1167 1320; x_wconf 78' lang='lat' dir='ltr'><strong>eos,</strong></span> 
     </span>
     <span class='ocr_line' id='line_1_12' title="bbox 65 1325 1165 1414; baseline 0.006 -25"><span class='ocrx_word' id='word_1_93' title='bbox 65 1331 204 1401; x_wconf 86' lang='lat' dir='ltr'><strong>accedit,</strong></span> <span class='ocrx_word' id='word_1_94' title='bbox 227 1336 260 1389; x_wconf 91' lang='lat' dir='ltr'><strong>et</strong></span> <span class='ocrx_word' id='word_1_95' title='bbox 282 1326 428 1388; x_wconf 87' lang='lat' dir='ltr'><strong>homines</strong></span> <span class='ocrx_word' id='word_1_96' title='bbox 451 1326 580 1387; x_wconf 86' lang='lat' dir='ltr'><strong>nobiles</strong></span> <span class='ocrx_word' id='word_1_97' title='bbox 604 1325 732 1407; x_wconf 85' lang='lat' dir='ltr'><strong>allegat¹</strong></span> <span class='ocrx_word' id='word_1_98' title='bbox 747 1329 811 1403; x_wconf 84' lang='lat' dir='ltr'><strong>iis,</strong></span> <span class='ocrx_word' id='word_1_99' title='bbox 841 1331 897 1414; x_wconf 90' lang='lat' dir='ltr'><strong>qui</strong></span> <span class='ocrx_word' id='word_1_100' title='bbox 918 1329 1093 1414; x_wconf 88' lang='lat' dir='ltr'><strong>peterent,</strong></span> <span class='ocrx_word' id='word_1_101' title='bbox 1117 1355 1165 1395; x_wconf 74' lang='lat' dir='ltr'><strong>ne‘</strong></span> 
     </span>
     <span class='ocr_line' id='line_1_13' title="bbox 68 1407 1226 1498; baseline 0.005 -25"><span class='ocrx_word' id='word_1_102' title='bbox 68 1415 105 1494; x_wconf 89' lang='lat' dir='ltr'><strong>ad</strong></span> <span class='ocrx_word' id='word_1_103' title='bbox 124 1411 245 1472; x_wconf 85' lang='lat' dir='ltr'><strong>Sullam</strong></span> <span class='ocrx_word' id='word_1_104' title='bbox 267 1410 416 1482; x_wconf 80' lang='lat' dir='ltr'><strong>adirent,</strong></span> <span class='ocrx_word' id='word_1_105' title='bbox 441 1417 474 1488; x_wconf 85' lang='lat' dir='ltr'><strong>et</strong></span> <span class='ocrx_word' id='word_1_106' title='bbox 496 1410 603 1470; x_wconf 90' lang='lat' dir='ltr'><strong>omnia</strong></span> <span class='ocrx_word' id='word_1_107' title='bbox 626 1407 893 1494; x_wconf 71' lang='lat' dir='ltr'><strong>Chrysogonum,</strong></span> <span class='ocrx_word' id='word_1_108' title='bbox 917 1437 999 1498; x_wconf 81' lang='lat' dir='ltr'><strong>quae</strong></span> <span class='ocrx_word' id='word_1_109' title='bbox 1021 1417 1160 1492; x_wconf 82' lang='lat' dir='ltr'><strong>vellent,</strong></span> <span class='ocrx_word' id='word_1_110' title='bbox 1222 1411 1226 1430; x_wconf 69' lang='lat'>⁸</span> 
     </span>
     <span class='ocr_line' id='line_1_14' title="bbox 66 1491 1210 1584; baseline 0.006 -28"><span class='ocrx_word' id='word_1_111' title='bbox 66 1517 131 1556; x_wconf 88' lang='lat' dir='ltr'><strong>csse</strong></span> <span class='ocrx_word' id='word_1_112' title='bbox 159 1496 318 1555; x_wconf 88' lang='lat' dir='ltr'><strong>facturum</strong></span> <span class='ocrx_word' id='word_1_113' title='bbox 346 1491 592 1574; x_wconf 78' lang='lat' dir='ltr'><strong>pollicerentur.</strong></span> <span class='ocrx_word' id='word_1_114' title='bbox 637 1493 749 1577; x_wconf 85' lang='lat' dir='ltr'><strong>Usque</strong></span> <span class='ocrx_word' id='word_1_115' title='bbox 773 1497 854 1557; x_wconf 84' lang='lat' dir='ltr'><strong>adeo</strong></span> <span class='ocrx_word' id='word_1_116' title='bbox 878 1506 985 1559; x_wconf 90' lang='lat' dir='ltr'><strong>autem</strong></span> <span class='ocrx_word' id='word_1_117' title='bbox 1005 1499 1064 1561; x_wconf 91' lang='lat' dir='ltr'><strong>ille</strong></span> <span class='ocrx_word' id='word_1_118' title='bbox 1086 1523 1210 1584; x_wconf 77' lang='lat' dir='ltr'><strong>per-qg</strong></span> 
     </span>
     <span class='ocr_line' id='line_1_15' title="bbox 56 1575 1182 1659; baseline 0.007 -21"><span class='ocrx_word' id='word_1_119' title='bbox 56 1579 227 1651; x_wconf 70' lang='lat' dir='ltr'><strong>timuerat,</strong></span> <span class='ocrx_word' id='word_1_120' title='bbox 268 1585 304 1638; x_wconf 89' lang='lat' dir='ltr'><strong>ut</strong></span> <span class='ocrx_word' id='word_1_121' title='bbox 335 1576 416 1636; x_wconf 90' lang='lat' dir='ltr'><strong>mori</strong></span> <span class='ocrx_word' id='word_1_122' title='bbox 448 1575 583 1650; x_wconf 87' lang='lat' dir='ltr'><strong>mallet,</strong></span> <span class='ocrx_word' id='word_1_123' title='bbox 625 1599 719 1659; x_wconf 91' lang='lat' dir='ltr'><strong>quam</strong></span> <span class='ocrx_word' id='word_1_124' title='bbox 752 1579 792 1638; x_wconf 92' lang='lat' dir='ltr'><strong>dc</strong></span> <span class='ocrx_word' id='word_1_125' title='bbox 821 1579 873 1640; x_wconf 91' lang='lat' dir='ltr'><strong>his</strong></span> <span class='ocrx_word' id='word_1_126' title='bbox 906 1582 1004 1644; x_wconf 85' lang='lat' dir='ltr'><strong>rebus</strong></span> <span class='ocrx_word' id='word_1_127' title='bbox 1035 1585 1182 1646; x_wconf 87' lang='lat' dir='ltr'><strong>Sullam·</strong></span> 
     </span>
     <span class='ocr_line' id='line_1_16' title="bbox 69 1659 1161 1750; baseline 0.008 -29"><span class='ocrx_word' id='word_1_128' title='bbox 69 1662 201 1723; x_wconf 66' lang='lat' dir='ltr'><strong>doceri.l</strong></span> <span class='ocrx_word' id='word_1_129' title='bbox 221 1659 538 1742; x_wconf 74' lang='lat' dir='ltr'><strong>Hominessptiqui,</strong></span> <span class='ocrx_word' id='word_1_130' title='bbox 562 1660 619 1742; x_wconf 90' lang='lat' dir='ltr'><strong>qui</strong></span> <span class='ocrx_word' id='word_1_131' title='bbox 636 1681 677 1720; x_wconf 81' lang='lat' dir='ltr'><strong>ex</strong></span> <span class='ocrx_word' id='word_1_132' title='bbox 693 1683 752 1721; x_wconf 86' lang='lat' dir='ltr'><strong>sua</strong></span> <span class='ocrx_word' id='word_1_133' title='bbox 770 1671 885 1724; x_wconf 86' lang='lat' dir='ltr'><strong>natura</strong></span> <span class='ocrx_word' id='word_1_134' title='bbox 909 1676 1037 1728; x_wconf 86' lang='lat' dir='ltr'><strong>ceteros</strong></span> <span class='ocrx_word' id='word_1_135' title='bbox 1060 1669 1161 1750; x_wconf 80' lang='lat' dir='ltr'><strong>tinge-</strong></span> 
     </span>
     <span class='ocr_line' id='line_1_17' title="bbox 69 1742 1161 1820; baseline 0.009 -16"><span class='ocrx_word' id='word_1_136' title='bbox 69 1753 153 1818; x_wconf 84' lang='lat' dir='ltr'><strong>rent,</strong></span> <span class='ocrx_word' id='word_1_137' title='bbox 184 1765 255 1804; x_wconf 89' lang='lat' dir='ltr'><strong>cum</strong></span> <span class='ocrx_word' id='word_1_138' title='bbox 279 1742 337 1803; x_wconf 92' lang='lat' dir='ltr'><strong>ille</strong></span> <span class='ocrx_word' id='word_1_139' title='bbox 364 1742 590 1820; x_wconf 77' lang='lat' dir='ltr'><strong>confirmaret,</strong></span> <span class='ocrx_word' id='word_1_140' title='bbox 626 1763 699 1803; x_wconf 88' lang='lat' dir='ltr'><strong>sese</strong></span> <span class='ocrx_word' id='word_1_141' title='bbox 730 1767 848 1805; x_wconf 89' lang='lat' dir='ltr'><strong>nomen</strong></span> <span class='ocrx_word' id='word_1_142' title='bbox 876 1747 952 1808; x_wconf 86' lang='lat' dir='ltr'><strong>Sex.</strong></span> <span class='ocrx_word' id='word_1_143' title='bbox 973 1750 1089 1812; x_wconf 80' lang='lat' dir='ltr'><strong>Roscii</strong></span> <span class='ocrx_word' id='word_1_144' title='bbox 1120 1754 1161 1813; x_wconf 89' lang='lat' dir='ltr'><strong>de</strong></span> 
     </span>
     <span class='ocr_line' id='line_1_18' title="bbox 70 1825 1161 1920; baseline 0.007 -32"><span class='ocrx_word' id='word_1_145' title='bbox 70 1826 184 1888; x_wconf 90' lang='lat' dir='ltr'><strong>tahulis</strong></span> <span class='ocrx_word' id='word_1_146' title='bbox 201 1834 408 1900; x_wconf 88' lang='lat' dir='ltr'><strong>exemturum,</strong></span> <span class='ocrx_word' id='word_1_147' title='bbox 429 1825 565 1905; x_wconf 86' lang='lat' dir='ltr'><strong>praedia</strong></span> <span class='ocrx_word' id='word_1_148' title='bbox 582 1847 684 1886; x_wconf 84' lang='lat' dir='ltr'><strong>vacua</strong></span> <span class='ocrx_word' id='word_1_149' title='bbox 701 1826 769 1888; x_wconf 87' lang='lat' dir='ltr'><strong>filio</strong></span> <span class='ocrx_word' id='word_1_150' title='bbox 785 1829 999 1892; x_wconf 87' lang='lat' dir='ltr'><strong>traditurum:</strong></span> <span class='ocrx_word' id='word_1_151' title='bbox 1025 1855 1161 1920; x_wconf 87' lang='lat' dir='ltr'><strong>cumque</strong></span> 
     </span>
     <span class='ocr_line' id='line_1_19' title="bbox 72 1907 1163 1996; baseline 0.011 -28"><span class='ocrx_word' id='word_1_152' title='bbox 72 1909 105 1968; x_wconf 91' lang='lat' dir='ltr'><strong>id</strong></span> <span class='ocrx_word' id='word_1_153' title='bbox 122 1911 169 1970; x_wconf 86' lang='lat' dir='ltr'><strong>ita</strong></span> <span class='ocrx_word' id='word_1_154' title='bbox 188 1910 324 1971; x_wconf 78' lang='lat' dir='ltr'><strong>futurum</strong></span> <span class='ocrx_word' id='word_1_155' title='bbox 346 1909 386 1968; x_wconf 73' lang='lat' dir='ltr'><strong>T.</strong></span> <span class='ocrx_word' id='word_1_156' title='bbox 408 1907 549 1970; x_wconf 81' lang='lat' dir='ltr'><strong>Roscius</strong></span> <span class='ocrx_word' id='word_1_157' title='bbox 574 1908 716 1989; x_wconf 82' lang='lat' dir='ltr'><strong>Capito,</strong></span> <span class='ocrx_word' id='word_1_158' title='bbox 748 1911 805 1994; x_wconf 87' lang='lat' dir='ltr'><strong>qui</strong></span> <span class='ocrx_word' id='word_1_159' title='bbox 825 1911 860 1972; x_wconf 91' lang='lat' dir='ltr'><strong>in</strong></span> <span class='ocrx_word' id='word_1_160' title='bbox 882 1913 915 1972; x_wconf 89' lang='lat' dir='ltr'><strong>X</strong></span> <span class='ocrx_word' id='word_1_161' title='bbox 936 1914 1055 1996; x_wconf 84' lang='lat' dir='ltr'><strong>legatis</strong></span> <span class='ocrx_word' id='word_1_162' title='bbox 1079 1929 1163 1994; x_wconf 85' lang='lat' dir='ltr'><strong>crat,</strong></span> 
     </span>
    </p>
   </div>
   <div class='ocr_carea' id='block_1_3' title="bbox 7 2193 1329 4392">
    <p class='ocr_par' dir='ltr' id='par_1_4' title="bbox 60 2193 1163 2552">
     <span class='ocr_line' id='line_1_20' title="bbox 119 2193 1162 2266; baseline 0.004 -21"><span class='ocrx_word' id='word_1_163' title='bbox 119 2193 288 2247; x_wconf 84' lang='lat' dir='ltr'><strong>decurionum.</strong></span> <span class='ocrx_word' id='word_1_164' title='bbox 317 2195 490 2247; x_wconf 84' lang='lat' dir='ltr'><strong>Decuriones</strong></span> <span class='ocrx_word' id='word_1_165' title='bbox 506 2193 590 2244; x_wconf 81' lang='lat' dir='ltr'><strong>iidem</strong></span> <span class='ocrx_word' id='word_1_166' title='bbox 603 2194 631 2244; x_wconf 90' lang='lat' dir='ltr'><strong>in</strong></span> <span class='ocrx_word' id='word_1_167' title='bbox 643 2193 810 2264; x_wconf 86' lang='lat' dir='ltr'><strong>municipiis,</strong></span> <span class='ocrx_word' id='word_1_168' title='bbox 831 2197 877 2264; x_wconf 87' lang='lat' dir='ltr'><strong>qni</strong></span> <span class='ocrx_word' id='word_1_169' title='bbox 890 2195 995 2249; x_wconf 87' lang='lat' dir='ltr'><strong>Romae</strong></span> <span class='ocrx_word' id='word_1_170' title='bbox 1010 2205 1162 2266; x_wconf 77' lang='lat' dir='ltr'><strong>senatores.</strong></span> 
     </span>
     <span class='ocr_line' id='line_1_21' title="bbox 60 2263 1162 2336; baseline 0.004 -20"><span class='ocrx_word' id='word_1_171' title='bbox 60 2263 285 2332; x_wconf 52' lang='lat' dir='ltr'><strong>*Quidamodictss</strong></span> <span class='ocrx_word' id='word_1_172' title='bbox 305 2267 382 2336; x_wconf 86' lang='lat' dir='ltr'><strong>ajunt</strong></span> <span class='ocrx_word' id='word_1_173' title='bbox 396 2285 429 2318; x_wconf 85' lang='lat' dir='ltr'><strong>cx</strong></span> <span class='ocrx_word' id='word_1_174' title='bbox 444 2284 495 2326; x_wconf 92' lang='lat' dir='ltr'><strong>eo,</strong></span> <span class='ocrx_word' id='word_1_175' title='bbox 516 2267 590 2334; x_wconf 87' lang='lat' dir='ltr'><strong>quod</strong></span> <span class='ocrx_word' id='word_1_176' title='bbox 607 2265 704 2324; x_wconf 89' lang='lat' dir='ltr'><strong>initio,</strong></span> <span class='ocrx_word' id='word_1_177' title='bbox 725 2283 786 2316; x_wconf 90' lang='lat' dir='ltr'><strong>cum</strong></span> <span class='ocrx_word' id='word_1_178' title='bbox 803 2268 928 2318; x_wconf 88' lang='lat' dir='ltr'><strong>coloniae</strong></span> <span class='ocrx_word' id='word_1_179' title='bbox 946 2270 1162 2331; x_wconf 87' lang='lat' dir='ltr'><strong>deducerentur,</strong></span> 
     </span>
     <span class='ocr_line' id='line_1_22' title="bbox 67 2337 1163 2408; baseline 0.008 -23"><span class='ocrx_word' id='word_1_180' title='bbox 67 2337 163 2388; x_wconf 76' lang='lat' dir='ltr'><strong>decimu</strong></span> <span class='ocrx_word' id='word_1_181' title='bbox 174 2354 243 2408; x_wconf 82' lang='lat' dir='ltr'><strong>pars</strong></span> <span class='ocrx_word' id='word_1_182' title='bbox 262 2350 381 2398; x_wconf 62' lang='lat' dir='ltr'><strong>cortun,</strong></span> <span class='ocrx_word' id='word_1_183' title='bbox 393 2339 440 2406; x_wconf 92' lang='lat' dir='ltr'><strong>qui</strong></span> <span class='ocrx_word' id='word_1_184' title='bbox 458 2339 642 2395; x_wconf 86' lang='lat' dir='ltr'><strong>ducerentur,</strong></span> <span class='ocrx_word' id='word_1_185' title='bbox 672 2337 781 2388; x_wconf 88' lang='lat' dir='ltr'><strong>consilii</strong></span> <span class='ocrx_word' id='word_1_186' title='bbox 796 2339 905 2404; x_wconf 82' lang='lat' dir='ltr'><strong>publici</strong></span> <span class='ocrx_word' id='word_1_187' title='bbox 918 2341 1009 2408; x_wconf 81' lang='lat' dir='ltr'><strong>gratie</strong></span> <span class='ocrx_word' id='word_1_188' title='bbox 1023 2343 1163 2394; x_wconf 88' lang='lat' dir='ltr'><strong>conscribi</strong></span> 
     </span>
     <span class='ocr_line' id='line_1_23' title="bbox 66 2406 1162 2478; baseline 0.005 -20"><span class='ocrx_word' id='word_1_189' title='bbox 66 2409 198 2462; x_wconf 86' lang='lat' dir='ltr'><strong>solitasit.</strong></span> <span class='ocrx_word' id='word_1_190' title='bbox 237 2409 286 2458; x_wconf 76' lang='lat' dir='ltr'><strong>Fr.</strong></span> <span class='ocrx_word' id='word_1_191' title='bbox 304 2407 332 2458; x_wconf 72' lang='grc' dir='ltr'><strong>ὅ.</strong></span> <span class='ocrx_word' id='word_1_192' title='bbox 351 2409 457 2467; x_wconf 59' lang='lat'><strong>1150,</strong></span> <span class='ocrx_word' id='word_1_193' title='bbox 480 2406 526 2457; x_wconf 87' lang='grc'><strong>16.</strong></span> <span class='ocrx_word' id='word_1_194' title='bbox 563 2407 659 2456; x_wconf 85' lang='lat' dir='ltr'><strong>Decem</strong></span> <span class='ocrx_word' id='word_1_195' title='bbox 676 2407 776 2475; x_wconf 87' lang='lat' dir='ltr'><strong>primi,</strong></span> <span class='ocrx_word' id='word_1_196' title='bbox 804 2424 859 2459; x_wconf 90' lang='lat' dir='ltr'><strong>non</strong></span> <span class='ocrx_word' id='word_1_197' title='bbox 880 2409 1029 2478; x_wconf 79' lang='lat' dir='ltr'><strong>legationis</strong></span> <span class='ocrx_word' id='word_1_198' title='bbox 1052 2415 1162 2464; x_wconf 85' lang='lat' dir='ltr'><strong>nomine</strong></span> 
     </span>
     <span class='ocr_line' id='line_1_24' title="bbox 66 2477 1163 2552; baseline 0.006 -22"><span class='ocrx_word' id='word_1_199' title='bbox 66 2481 160 2540; x_wconf 82' lang='lat' dir='ltr'><strong>creati,</strong></span> <span class='ocrx_word' id='word_1_200' title='bbox 180 2481 258 2552; x_wconf 88' lang='lat' dir='ltr'><strong>quod</strong></span> <span class='ocrx_word' id='word_1_201' title='bbox 276 2479 502 2537; x_wconf 70' lang='lat' dir='ltr'><strong>internuntius,</strong></span> <span class='ocrx_word' id='word_1_202' title='bbox 522 2479 572 2528; x_wconf 91' lang='lat' dir='ltr'><strong>scd</strong></span> <span class='ocrx_word' id='word_1_203' title='bbox 586 2479 633 2546; x_wconf 91' lang='lat' dir='ltr'><strong>qui</strong></span> <span class='ocrx_word' id='word_1_204' title='bbox 651 2477 745 2528; x_wconf 86' lang='lat' dir='ltr'><strong>decern</strong></span> <span class='ocrx_word' id='word_1_205' title='bbox 761 2479 844 2546; x_wconf 87' lang='lat' dir='ltr'><strong>primi</strong></span> <span class='ocrx_word' id='word_1_206' title='bbox 863 2487 941 2532; x_wconf 86' lang='lat' dir='ltr'><strong>erunt</strong></span> <span class='ocrx_word' id='word_1_207' title='bbox 955 2483 984 2532; x_wconf 89' lang='lat' dir='ltr'><strong>in</strong></span> <span class='ocrx_word' id='word_1_208' title='bbox 1002 2483 1067 2534; x_wconf 86' lang='lat' dir='ltr'><strong>albo</strong></span> <span class='ocrx_word' id='word_1_209' title='bbox 1080 2485 1163 2537; x_wconf 82' lang='lat' dir='ltr'><strong>decu·</strong></span> 
     </span>
    </p>

    <p class='ocr_par' dir='ltr' id='par_1_5' title="bbox 7 2545 1164 2814">
     <span class='ocr_line' id='line_1_25' title="bbox 7 2545 1164 2623; baseline 0.005 -25"><span class='ocrx_word' id='word_1_210' title='bbox 7 2547 9 2550; x_wconf 67' lang='grc'><strong>’</strong></span> <span class='ocrx_word' id='word_1_211' title='bbox 63 2550 169 2601; x_wconf 84' lang='lat' dir='ltr'><strong>rionusn.</strong></span> <span class='ocrx_word' id='word_1_212' title='bbox 209 2552 295 2603; x_wconf 87' lang='lat' dir='ltr'><strong>Vcrr.</strong></span> <span class='ocrx_word' id='word_1_213' title='bbox 312 2548 425 2600; x_wconf 79' lang='lat'><strong>11.67=</strong></span> <span class='ocrx_word' id='word_1_214' title='bbox 460 2547 567 2600; x_wconf 76' lang='lat' dir='ltr'><strong>Euocat</strong></span> <span class='ocrx_word' id='word_1_215' title='bbox 589 2548 626 2598; x_wconf 86' lang='lat' dir='ltr'><strong>nd</strong></span> <span class='ocrx_word' id='word_1_216' title='bbox 651 2567 680 2597; x_wconf 90' lang='lat' dir='ltr'><strong>se</strong></span> <span class='ocrx_word' id='word_1_217' title='bbox 699 2545 901 2617; x_wconf 83' lang='lat' dir='ltr'><strong>Cerctnripinnm</strong></span> <span class='ocrx_word' id='word_1_218' title='bbox 913 2555 1116 2623; x_wconf 75' lang='lat' dir='ltr'><strong>magistratum,</strong></span> <span class='ocrx_word' id='word_1_219' title='bbox 1136 2562 1164 2604; x_wconf 86' lang='lat' dir='ltr'><strong>et</strong></span> 
     </span>
     <span class='ocr_line' id='line_1_26' title="bbox 59 2618 1164 2692; baseline 0.005 -22"><span class='ocrx_word' id='word_1_220' title='bbox 59 2620 139 2671; x_wconf 85' lang='lat' dir='ltr'><strong>decem</strong></span> <span class='ocrx_word' id='word_1_221' title='bbox 162 2623 277 2690; x_wconf 82' lang='lat' dir='ltr'><strong>primes.</strong></span> <span class='ocrx_word' id='word_1_222' title='bbox 327 2620 386 2671; x_wconf 86' lang='grc' dir='ltr'><strong>ΙΙΙ.</strong></span> <span class='ocrx_word' id='word_1_223' title='bbox 418 2618 473 2671; x_wconf 72' lang='lat'><strong>28:</strong></span> <span class='ocrx_word' id='word_1_224' title='bbox 515 2619 638 2688; x_wconf 74' lang='lat' dir='ltr'><strong>Argyria</strong></span> <span class='ocrx_word' id='word_1_225' title='bbox 670 2621 844 2690; x_wconf 75' lang='lat' dir='ltr'><strong>magistratus</strong></span> <span class='ocrx_word' id='word_1_226' title='bbox 869 2618 901 2671; x_wconf 83' lang='lat' dir='ltr'><strong>&#39;et</strong></span> <span class='ocrx_word' id='word_1_227' title='bbox 936 2624 1052 2690; x_wconf 83' lang='lat' dir='ltr'><strong>quinque</strong></span> <span class='ocrx_word' id='word_1_228' title='bbox 1079 2626 1164 2692; x_wconf 87' lang='lat' dir='ltr'><strong>primi</strong></span> 
     </span>
     <span class='ocr_line' id='line_1_27' title="bbox 59 2689 1162 2765; baseline 0.007 -25"><span class='ocrx_word' id='word_1_229' title='bbox 59 2693 244 2765; x_wconf 36' lang='lat' dir='ltr'><strong>aeeitrs&#39;istius</strong></span> <span class='ocrx_word' id='word_1_230' title='bbox 265 2698 419 2742; x_wconf 82' lang='lat' dir='ltr'><strong>evocantur.</strong></span> <span class='ocrx_word' id='word_1_231' title='bbox 464 2708 490 2743; x_wconf 75' lang='lat' dir='ltr'><strong>v.</strong></span> <span class='ocrx_word' id='word_1_232' title='bbox 512 2691 580 2740; x_wconf 88' lang='lat' dir='ltr'><strong>ihid.</strong></span> <span class='ocrx_word' id='word_1_233' title='bbox 602 2689 640 2740; x_wconf 78' lang='lat'><strong>51</strong></span> <span class='ocrx_word' id='word_1_234' title='bbox 665 2696 693 2741; x_wconf 90' lang='lat' dir='ltr'><strong>et</strong></span> <span class='ocrx_word' id='word_1_235' title='bbox 718 2691 886 2758; x_wconf 85' lang='lat' dir='ltr'><strong>pracsertim</strong></span> <span class='ocrx_word' id='word_1_236' title='bbox 906 2693 942 2744; x_wconf 84' lang='lat' dir='ltr'><strong>fr.</strong></span> <span class='ocrx_word' id='word_1_237' title='bbox 962 2694 989 2746; x_wconf 82' lang='grc'><strong>1.</strong></span> <span class='ocrx_word' id='word_1_238' title='bbox 1005 2696 1041 2746; x_wconf 78' lang='lat' dir='ltr'><strong>D.</strong></span> <span class='ocrx_word' id='word_1_239' title='bbox 1056 2694 1113 2756; x_wconf 71' lang='lat'><strong>50,</strong></span> <span class='ocrx_word' id='word_1_240' title='bbox 1133 2696 1162 2748; x_wconf 74' lang='grc'><strong>5.</strong></span> 
     </span>
     <span class='ocr_line' id='line_1_28' title="bbox 62 2763 351 2814; baseline 0 -2"><span class='ocrx_word' id='word_1_241' title='bbox 62 2763 92 2813; x_wconf 86' lang='lat' dir='ltr'><strong>dc</strong></span> <span class='ocrx_word' id='word_1_242' title='bbox 110 2763 172 2813; x_wconf 85' lang='lat' dir='ltr'><strong>alho</strong></span> <span class='ocrx_word' id='word_1_243' title='bbox 190 2763 351 2814; x_wconf 89' lang='lat' dir='ltr'><strong>scribendo.</strong></span> 
     </span>
    </p>

    <p class='ocr_par' dir='ltr' id='par_1_6' title="bbox 57 2827 1161 3167">
     <span class='ocr_line' id='line_1_29' title="bbox 106 2827 1160 2905; baseline 0.004 -21"><span class='ocrx_word' id='word_1_244' title='bbox 106 2833 128 2900; x_wconf 69' lang='grc' dir='ltr'><strong>ξ.</strong></span> <span class='ocrx_word' id='word_1_245' title='bbox 148 2833 197 2885; x_wconf 78' lang='grc'><strong>116.</strong></span> <span class='ocrx_word' id='word_1_246' title='bbox 235 2834 362 2900; x_wconf 83' lang='lat' dir='ltr'><strong>Antiqui,</strong></span> <span class='ocrx_word' id='word_1_247' title='bbox 381 2831 400 2882; x_wconf 86' lang='lat' dir='ltr'><strong>i.</strong></span> <span class='ocrx_word' id='word_1_248' title='bbox 416 2849 440 2881; x_wconf 92' lang='lat' dir='ltr'><strong>c.</strong></span> <span class='ocrx_word' id='word_1_249' title='bbox 459 2831 581 2898; x_wconf 82' lang='lat' dir='ltr'><strong>antiqua,</strong></span> <span class='ocrx_word' id='word_1_250' title='bbox 600 2829 711 2897; x_wconf 85' lang='lat' dir='ltr'><strong>integra</strong></span> <span class='ocrx_word' id='word_1_251' title='bbox 728 2827 783 2880; x_wconf 80' lang='lat' dir='ltr'><strong>fide</strong></span> <span class='ocrx_word' id='word_1_252' title='bbox 800 2839 827 2882; x_wconf 92' lang='lat' dir='ltr'><strong>et</strong></span> <span class='ocrx_word' id='word_1_253' title='bbox 845 2833 1010 2902; x_wconf 84' lang='lat' dir='ltr'><strong>probitatc.&#39;</strong></span> <span class='ocrx_word' id='word_1_254' title='bbox 1027 2834 1071 2886; x_wconf 84' lang='lat' dir='ltr'><strong>De</strong></span> <span class='ocrx_word' id='word_1_255' title='bbox 1086 2834 1160 2905; x_wconf 83' lang='lat' dir='ltr'><strong>licp.</strong></span> 
     </span>
     <span class='ocr_line' id='line_1_30' title="bbox 58 2901 1161 2972; baseline 0.002 -19"><span class='ocrx_word' id='word_1_256' title='bbox 58 2902 110 2954; x_wconf 89' lang='grc' dir='ltr'><strong>ΠΙ.</strong></span> <span class='ocrx_word' id='word_1_257' title='bbox 126 2903 154 2954; x_wconf 76' lang='grc' dir='ltr'><strong>ὅ.</strong></span> <span class='ocrx_word' id='word_1_258' title='bbox 168 2905 204 2957; x_wconf 87' lang='lat' dir='ltr'><strong>de</strong></span> <span class='ocrx_word' id='word_1_259' title='bbox 223 2904 321 2954; x_wconf 84' lang='lat' dir='ltr'><strong>Philo:</strong></span> <span class='ocrx_word' id='word_1_260' title='bbox 361 2901 427 2952; x_wconf 81' lang='lat' dir='ltr'><strong>Cum</strong></span> <span class='ocrx_word' id='word_1_261' title='bbox 457 2909 483 2952; x_wconf 88' lang='lat' dir='ltr'><strong>et</strong></span> <span class='ocrx_word' id='word_1_262' title='bbox 505 2903 561 2969; x_wconf 90' lang='lat' dir='ltr'><strong>ipse</strong></span> <span class='ocrx_word' id='word_1_263' title='bbox 584 2902 622 2950; x_wconf 81' lang='lat' dir='ltr'><strong>sis</strong></span> <span class='ocrx_word' id='word_1_264' title='bbox 638 2903 716 2966; x_wconf 82' lang='lat' dir='ltr'><strong>qnasi</strong></span> <span class='ocrx_word' id='word_1_265' title='bbox 738 2903 843 2952; x_wconf 78' lang='lat' dir='ltr'><strong>sordeam</strong></span> <span class='ocrx_word' id='word_1_266' title='bbox 867 2904 1011 2972; x_wconf 81' lang='lat' dir='ltr'><strong>exemplum</strong></span> <span class='ocrx_word' id='word_1_267' title='bbox 1032 2907 1161 2972; x_wconf 85' lang='lat' dir='ltr'><strong>antiquae</strong></span> 
     </span>
     <span class='ocr_line' id='line_1_31' title="bbox 57 2969 1161 3044; baseline 0.002 -20"><span class='ocrx_word' id='word_1_268' title='bbox 57 2976 200 3042; x_wconf 80' lang='lat' dir='ltr'><strong>probitatis</strong></span> <span class='ocrx_word' id='word_1_269' title='bbox 226 2983 252 3025; x_wconf 90' lang='lat' dir='ltr'><strong>et</strong></span> <span class='ocrx_word' id='word_1_270' title='bbox 274 2973 348 3044; x_wconf 76' lang='lat' dir='ltr'><strong>fidei.</strong></span> <span class='ocrx_word' id='word_1_271' title='bbox 393 2973 459 3024; x_wconf 86' lang='lat' dir='ltr'><strong>Ter.</strong></span> <span class='ocrx_word' id='word_1_272' title='bbox 474 2969 598 3040; x_wconf 88' lang='lat' dir='ltr'><strong>Adelph.</strong></span> <span class='ocrx_word' id='word_1_273' title='bbox 617 2971 675 3021; x_wconf 87' lang='lat'><strong>111.</strong></span> <span class='ocrx_word' id='word_1_274' title='bbox 692 2969 722 3030; x_wconf 74' lang='grc'><strong>8,</strong></span> <span class='ocrx_word' id='word_1_275' title='bbox 741 2970 797 3022; x_wconf 58' lang='grc'><strong>881</strong></span> <span class='ocrx_word' id='word_1_276' title='bbox 824 2973 900 3034; x_wconf 81' lang='lat' dir='ltr'><strong>homo</strong></span> <span class='ocrx_word' id='word_1_277' title='bbox 923 2977 1036 3042; x_wconf 82' lang='lat' dir='ltr'><strong>aretiqua</strong></span> <span class='ocrx_word' id='word_1_278' title='bbox 1059 2979 1161 3028; x_wconf 87' lang='lat' dir='ltr'><strong>virtute</strong></span> 
     </span>
     <span class='ocr_line' id='line_1_32' title="bbox 58 3042 1161 3167; baseline 0.002 -71"><span class='ocrx_word' id='word_1_279' title='bbox 58 3063 86 3163; x_wconf 66' lang='lat' dir='ltr'><strong>pp</strong></span> <span class='ocrx_word' id='word_1_280' title='bbox 106 3045 187 3167; x_wconf 49' lang='grc' dir='ltr'><strong>βιῶ</strong></span> <span class='ocrx_word' id='word_1_281' title='bbox 212 3044 432 3167; x_wconf 44' lang='lat' dir='ltr'><strong>{mimmii}</strong></span> <span class='ocrx_word' id='word_1_282' title='bbox 457 3042 533 3164; x_wconf 46' lang='lat' dir='ltr'><strong>ilss&#39;R</strong></span> <span class='ocrx_word' id='word_1_283' title='bbox 548 3043 671 3100; x_wconf 65' lang='lat' dir='ltr'><strong>Eodem„</strong></span> <span class='ocrx_word' id='word_1_284' title='bbox 687 3059 768 3093; x_wconf 86' lang='lat' dir='ltr'><strong>sensu</strong></span> <span class='ocrx_word' id='word_1_285' title='bbox 793 3045 925 3120; x_wconf 63' lang='grc' dir='ltr'><strong><em>ἀρχαίως</em></strong></span> <span class='ocrx_word' id='word_1_286' title='bbox 952 3047 1057 3114; x_wconf 90' lang='lat' dir='ltr'><strong>legitur</strong></span> <span class='ocrx_word' id='word_1_287' title='bbox 1086 3047 1161 3116; x_wconf 85' lang='lat' dir='ltr'><strong>apud</strong></span> 
     </span>
    </p>

    <p class='ocr_par' dir='ltr' id='par_1_7' title="bbox 84 3127 541 3175">
     <span class='ocr_line' id='line_1_33' title="bbox 84 3127 541 3175; baseline -0.007 -9"><span class='ocrx_word' id='word_1_288' title='bbox 84 3133 195 3168; x_wconf 89' lang='lat' dir='ltr'><strong>emes.</strong></span> <span class='ocrx_word' id='word_1_289' title='bbox 256 3135 286 3166; x_wconf 91' lang='lat'><strong>1.</strong></span> <span class='ocrx_word' id='word_1_290' title='bbox 327 3152 335 3175; x_wconf 92' lang='lat'><em>‚</em></span> <span class='ocrx_word' id='word_1_291' title='bbox 419 3127 541 3166; x_wconf 80' lang='lat' dir='ltr'><strong>.e.‘.</strong></span> 
     </span>
    </p>

    <p class='ocr_par' dir='ltr' id='par_1_8' title="bbox 57 3135 1329 3469">
     <span class='ocr_line' id='line_1_34' title="bbox 106 3135 1161 3246; baseline 0.004 -10"><span class='ocrx_word' id='word_1_292' title='bbox 106 3205 139 3236; x_wconf 89' lang='lat' dir='ltr'><strong>ex</strong></span> <span class='ocrx_word' id='word_1_293' title='bbox 157 3205 210 3238; x_wconf 84' lang='lat' dir='ltr'><strong>sua</strong></span> <span class='ocrx_word' id='word_1_294' title='bbox 227 3193 283 3239; x_wconf 77' lang='lat' dir='ltr'><strong>reat.</strong></span> <span class='ocrx_word' id='word_1_295' title='bbox 303 3135 355 3236; x_wconf 68' lang='lat' dir='ltr'><strong>7ln</strong></span> <span class='ocrx_word' id='word_1_296' title='bbox 381 3184 450 3236; x_wconf 89' lang='lat' dir='ltr'><strong>hanc</strong></span> <span class='ocrx_word' id='word_1_297' title='bbox 475 3184 637 3235; x_wconf 86' lang='lat' dir='ltr'><strong>sententiam</strong></span> <span class='ocrx_word' id='word_1_298' title='bbox 653 3183 719 3237; x_wconf 88' lang='lat' dir='ltr'><strong>Ter.</strong></span> <span class='ocrx_word' id='word_1_299' title='bbox 736 3183 807 3234; x_wconf 83' lang='lat' dir='ltr'><strong>Eun.</strong></span> <span class='ocrx_word' id='word_1_300' title='bbox 824 3184 848 3234; x_wconf 89' lang='grc' dir='ltr'><strong>Ι.</strong></span> <span class='ocrx_word' id='word_1_301' title='bbox 865 3184 901 3244; x_wconf 71' lang='lat'><strong>2,</strong></span> <span class='ocrx_word' id='word_1_302' title='bbox 923 3183 998 3237; x_wconf 70' lang='lat' dir='ltr'><strong>lli:</strong></span> <span class='ocrx_word' id='word_1_303' title='bbox 1029 3185 1161 3246; x_wconf 78' lang='lat' dir='ltr'><strong>Forsitan</strong></span> 
     </span>
     <span class='ocr_line' id='line_1_35' title="bbox 57 3253 1234 3328; baseline 0.004 -23"><span class='ocrx_word' id='word_1_304' title='bbox 57 3254 97 3306; x_wconf 82' lang='lat' dir='ltr'><strong>hie</strong></span> <span class='ocrx_word' id='word_1_305' title='bbox 121 3275 154 3308; x_wconf 85' lang='lat' dir='ltr'><strong>ex</strong></span> <span class='ocrx_word' id='word_1_306' title='bbox 187 3259 308 3310; x_wconf 82' lang='lat' dir='ltr'><strong>aliarum</strong></span> <span class='ocrx_word' id='word_1_307' title='bbox 339 3257 454 3326; x_wconf 74' lang='lat' dir='ltr'><strong>iregeniis</strong></span> <span class='ocrx_word' id='word_1_308' title='bbox 488 3273 555 3304; x_wconf 86' lang='lat' dir='ltr'><strong>nune</strong></span> <span class='ocrx_word' id='word_1_309' title='bbox 580 3272 618 3303; x_wconf 85' lang='lat' dir='ltr'><strong>rac</strong></span> <span class='ocrx_word' id='word_1_310' title='bbox 634 3253 750 3323; x_wconf 73' lang='lat' dir='ltr'><strong>judicet.</strong></span> <span class='ocrx_word' id='word_1_311' title='bbox 796 3255 985 3307; x_wconf 86' lang='lat' dir='ltr'><strong>Hotomannus</strong></span> <span class='ocrx_word' id='word_1_312' title='bbox 1010 3275 1109 3328; x_wconf 73' lang='lat' dir='ltr'><strong>comp:-</strong></span> <span class='ocrx_word' id='word_1_313' title='bbox 1124 3259 1161 3310; x_wconf 85' lang='lat' dir='ltr'><strong>ad</strong></span> <span class='ocrx_word' id='word_1_314' title='bbox 1207 3272 1234 3318; x_wconf 84' lang='grc'><strong>,·</strong></span> 
     </span>
     <span class='ocr_line' id='line_1_36' title="bbox 59 3325 1329 3400; baseline 0.002 -21"><span class='ocrx_word' id='word_1_315' title='bbox 59 3325 149 3396; x_wconf 77' lang='lat' dir='ltr'><strong>Quint.</strong></span> <span class='ocrx_word' id='word_1_316' title='bbox 168 3329 205 3380; x_wconf 83' lang='lat' dir='ltr'><strong>fr.</strong></span> <span class='ocrx_word' id='word_1_317' title='bbox 223 3329 248 3379; x_wconf 91' lang='grc' dir='ltr'><strong>Ι.</strong></span> <span class='ocrx_word' id='word_1_318' title='bbox 267 3327 292 3378; x_wconf 89' lang='grc'><strong>1.</strong></span> <span class='ocrx_word' id='word_1_319' title='bbox 309 3327 335 3394; x_wconf 65' lang='grc' dir='ltr'><strong>ξ.</strong></span> <span class='ocrx_word' id='word_1_320' title='bbox 349 3327 387 3378; x_wconf 74' lang='lat' dir='ltr'><strong>d:</strong></span> <span class='ocrx_word' id='word_1_321' title='bbox 426 3325 462 3375; x_wconf 85' lang='lat' dir='ltr'><strong>Ut</strong></span> <span class='ocrx_word' id='word_1_322' title='bbox 475 3328 586 3393; x_wconf 82' lang='lat' dir='ltr'><strong>quisque</strong></span> <span class='ocrx_word' id='word_1_323' title='bbox 607 3332 649 3375; x_wconf 84' lang='lat' dir='ltr'><strong>est</strong></span> <span class='ocrx_word' id='word_1_324' title='bbox 672 3327 717 3376; x_wconf 83' lang='lat' dir='ltr'><strong>vir</strong></span> <span class='ocrx_word' id='word_1_325' title='bbox 732 3327 860 3395; x_wconf 77' lang='lat' dir='ltr'><strong>optimis,</strong></span> <span class='ocrx_word' id='word_1_326' title='bbox 880 3328 920 3376; x_wconf 82' lang='lat' dir='ltr'><strong>ita</strong></span> <span class='ocrx_word' id='word_1_327' title='bbox 933 3327 1090 3400; x_wconf 81' lang='lat' dir='ltr'><strong>difficillime</strong></span> <span class='ocrx_word' id='word_1_328' title='bbox 1104 3339 1161 3380; x_wconf 78' lang='lat' dir='ltr'><strong>csse</strong></span> <span class='ocrx_word' id='word_1_329' title='bbox 1246 3375 1247 3380; x_wconf 74' lang='grc'><strong>,</strong></span> <span class='ocrx_word' id='word_1_330' title='bbox 1326 3373 1329 3380; x_wconf 87' lang='grc'><strong>.</strong></span> 
     </span>
     <span class='ocr_line' id='line_1_37' title="bbox 59 3398 504 3469; baseline -0.004 -23"><span class='ocrx_word' id='word_1_331' title='bbox 59 3399 125 3449; x_wconf 88' lang='lat' dir='ltr'><strong>aiios</strong></span> <span class='ocrx_word' id='word_1_332' title='bbox 142 3401 278 3469; x_wconf 82' lang='lat' dir='ltr'><strong>improbos</strong></span> <span class='ocrx_word' id='word_1_333' title='bbox 296 3398 456 3466; x_wconf 84' lang='lat' dir='ltr'><strong>suspicatur.</strong></span> <span class='ocrx_word' id='word_1_334' title='bbox 501 3436 504 3444; x_wconf 76' lang='lat'><strong>.</strong></span> 
     </span>
    </p>

    <p class='ocr_par' dir='ltr' id='par_1_9' title="bbox 56 3465 1162 4392">
     <span class='ocr_line' id='line_1_38' title="bbox 104 3465 1160 3538; baseline 0.001 -18"><span class='ocrx_word' id='word_1_335' title='bbox 104 3471 223 3538; x_wconf 81' lang='lat' dir='ltr'><strong>praedia</strong></span> <span class='ocrx_word' id='word_1_336' title='bbox 239 3487 341 3526; x_wconf 77' lang='lat' dir='ltr'><strong>uacua,</strong></span> <span class='ocrx_word' id='word_1_337' title='bbox 362 3470 381 3519; x_wconf 91' lang='lat' dir='ltr'><strong>i.</strong></span> <span class='ocrx_word' id='word_1_338' title='bbox 398 3488 421 3519; x_wconf 92' lang='lat' dir='ltr'><strong>s.</strong></span> <span class='ocrx_word' id='word_1_339' title='bbox 439 3483 552 3518; x_wconf 85' lang='lat' dir='ltr'><strong>caenam</strong></span> <span class='ocrx_word' id='word_1_340' title='bbox 562 3465 755 3535; x_wconf 87' lang='lat' dir='ltr'><strong>possessionem</strong></span> <span class='ocrx_word' id='word_1_341' title='bbox 768 3465 947 3525; x_wconf 81' lang='lat' dir='ltr'><strong>traditurum,</strong></span> <span class='ocrx_word' id='word_1_342' title='bbox 967 3469 996 3518; x_wconf 87' lang='lat' dir='ltr'><strong>in</strong></span> <span class='ocrx_word' id='word_1_343' title='bbox 1013 3487 1072 3520; x_wconf 84' lang='lat' dir='ltr'><strong>nae.</strong></span> <span class='ocrx_word' id='word_1_344' title='bbox 1085 3485 1160 3538; x_wconf 85' lang='lat' dir='ltr'><strong>poss.</strong></span> 
     </span>
     <span class='ocr_line' id='line_1_39' title="bbox 57 3537 1160 3608; baseline 0.004 -20"><span class='ocrx_word' id='word_1_345' title='bbox 57 3541 212 3601; x_wconf 81' lang='lat' dir='ltr'><strong>missarum,</strong></span> <span class='ocrx_word' id='word_1_346' title='bbox 232 3541 417 3600; x_wconf 74' lang='lat' dir='ltr'><strong>inducturum,-</strong></span> <span class='ocrx_word' id='word_1_347' title='bbox 438 3544 587 3608; x_wconf 85' lang='lat' dir='ltr'><strong>quaesunt</strong></span> <span class='ocrx_word' id='word_1_348' title='bbox 595 3539 668 3608; x_wconf 86' lang='lat' dir='ltr'><strong>juris</strong></span> <span class='ocrx_word' id='word_1_349' title='bbox 682 3537 717 3588; x_wconf 88' lang='lat' dir='ltr'><strong>R.</strong></span> <span class='ocrx_word' id='word_1_350' title='bbox 733 3537 878 3588; x_wconf 83' lang='lat' dir='ltr'><strong>formulae.</strong></span> <span class='ocrx_word' id='word_1_351' title='bbox 915 3555 944 3607; x_wconf 93' lang='lat' dir='ltr'><strong>p.</strong></span> <span class='ocrx_word' id='word_1_352' title='bbox 963 3538 1058 3591; x_wconf 87' lang='lat' dir='ltr'><strong>Tullio</strong></span> <span class='ocrx_word' id='word_1_353' title='bbox 1082 3559 1106 3591; x_wconf 89' lang='lat' dir='ltr'><strong>c.</strong></span> <span class='ocrx_word' id='word_1_354' title='bbox 1124 3539 1160 3592; x_wconf 72' lang='lat'><strong>8:</strong></span> 
     </span>
     <span class='ocr_line' id='line_1_40' title="bbox 60 3609 1160 3685; baseline 0.003 -26"><span class='ocrx_word' id='word_1_355' title='bbox 60 3609 162 3662; x_wconf 83' lang='lat' dir='ltr'><strong>Tullius</strong></span> <span class='ocrx_word' id='word_1_356' title='bbox 184 3613 253 3685; x_wconf 66' lang='lat' dir='ltr'><strong>[ines</strong></span> <span class='ocrx_word' id='word_1_357' title='bbox 277 3611 427 3662; x_wconf 81' lang='lat' dir='ltr'><strong>Acerronio</strong></span> <span class='ocrx_word' id='word_1_358' title='bbox 452 3611 659 3668; x_wconf 74' lang='lat' dir='ltr'><strong>demonstrauit5</strong></span> <span class='ocrx_word' id='word_1_359' title='bbox 693 3625 777 3674; x_wconf 85' lang='lat' dir='ltr'><strong>neque</strong></span> <span class='ocrx_word' id='word_1_360' title='bbox 800 3617 887 3658; x_wconf 88' lang='lat' dir='ltr'><strong>tamen</strong></span> <span class='ocrx_word' id='word_1_361' title='bbox 916 3610 985 3659; x_wconf 83' lang='lat' dir='ltr'><strong>hane</strong></span> <span class='ocrx_word' id='word_1_362' title='bbox 1013 3613 1160 3662; x_wconf 85' lang='lat' dir='ltr'><strong>centuriam</strong></span> 
     </span>
     <span class='ocr_line' id='line_1_41' title="bbox 56 3678 1161 3754; baseline 0.002 -24"><span class='ocrx_word' id='word_1_363' title='bbox 56 3680 237 3751; x_wconf 84' lang='lat' dir='ltr'><strong>Populianam</strong></span> <span class='ocrx_word' id='word_1_364' title='bbox 257 3699 384 3734; x_wconf 39' lang='lat' dir='ltr'><strong>&#39;uacuam</strong></span> <span class='ocrx_word' id='word_1_365' title='bbox 413 3681 536 3732; x_wconf 83' lang='lat' dir='ltr'><strong>tradidit.</strong></span> <span class='ocrx_word' id='word_1_366' title='bbox 582 3679 673 3730; x_wconf 47' lang='lat' dir='ltr'><strong>*Versa</strong></span> <span class='ocrx_word' id='word_1_367' title='bbox 705 3678 764 3728; x_wconf 89' lang='lat' dir='ltr'><strong>III.</strong></span> <span class='ocrx_word' id='word_1_368' title='bbox 799 3679 857 3731; x_wconf 74' lang='lat'><strong>28:</strong></span> <span class='ocrx_word' id='word_1_369' title='bbox 909 3681 1108 3754; x_wconf 67' lang='lat' dir='ltr'><strong>Agyrinenses¹</strong></span> <span class='ocrx_word' id='word_1_370' title='bbox 1128 3711 1161 3722; x_wconf 90' lang='lat'>-</span> 
     </span>
     <span class='ocr_line' id='line_1_42' title="bbox 56 3747 1161 3824; baseline 0.002 -22"><span class='ocrx_word' id='word_1_371' title='bbox 56 3770 132 3804; x_wconf 90' lang='lat' dir='ltr'><strong>orare</strong></span> <span class='ocrx_word' id='word_1_372' title='bbox 156 3761 314 3824; x_wconf 83' lang='lat' dir='ltr'><strong>coeperant,</strong></span> <span class='ocrx_word' id='word_1_373' title='bbox 341 3761 372 3802; x_wconf 89' lang='lat' dir='ltr'><strong>ut</strong></span> <span class='ocrx_word' id='word_1_374' title='bbox 395 3755 448 3803; x_wconf 83' lang='lat' dir='ltr'><strong>sihi</strong></span> <span class='ocrx_word' id='word_1_375' title='bbox 469 3771 532 3802; x_wconf 87' lang='lat' dir='ltr'><strong>suas</strong></span> <span class='ocrx_word' id='word_1_376' title='bbox 552 3758 652 3822; x_wconf 78' lang='lat' dir='ltr'><strong>segetes</strong></span> <span class='ocrx_word' id='word_1_377' title='bbox 664 3747 820 3818; x_wconf 73' lang='lat' dir='ltr'><strong>fructumque</strong></span> <span class='ocrx_word' id='word_1_378' title='bbox 843 3767 944 3810; x_wconf 83' lang='lat' dir='ltr'><strong>omnes,</strong></span> <span class='ocrx_word' id='word_1_379' title='bbox 971 3755 1161 3820; x_wconf 83' lang='lat' dir='ltr'><strong>arationesque</strong></span> 
     </span>
     <span class='ocr_line' id='line_1_43' title="bbox 56 3819 1159 3893; baseline 0 -19"><span class='ocrx_word' id='word_1_380' title='bbox 56 3841 154 3874; x_wconf 81' lang='lat' dir='ltr'><strong>vacuas</strong></span> <span class='ocrx_word' id='word_1_381' title='bbox 172 3826 297 3893; x_wconf 81' lang='lat' dir='ltr'><strong>Apronio</strong></span> <span class='ocrx_word' id='word_1_382' title='bbox 325 3823 434 3875; x_wconf 85' lang='lat' dir='ltr'><strong>tradere</strong></span> <span class='ocrx_word' id='word_1_383' title='bbox 447 3824 558 3874; x_wconf 85' lang='lat' dir='ltr'><strong>¹liceret.</strong></span> <span class='ocrx_word' id='word_1_384' title='bbox 604 3839 629 3873; x_wconf 79' lang='lat' dir='ltr'><strong>v.</strong></span> <span class='ocrx_word' id='word_1_385' title='bbox 646 3819 733 3872; x_wconf 56' lang='grc' dir='ltr'><strong>ΜΘ.</strong></span> <span class='ocrx_word' id='word_1_386' title='bbox 750 3822 786 3870; x_wconf 82' lang='lat' dir='ltr'><strong>fr.</strong></span> <span class='ocrx_word' id='word_1_387' title='bbox 806 3820 852 3872; x_wconf 81' lang='lat'><strong>18.</strong></span> <span class='ocrx_word' id='word_1_388' title='bbox 869 3823 893 3890; x_wconf 65' lang='grc' dir='ltr'><strong>ξ.</strong></span> <span class='ocrx_word' id='word_1_389' title='bbox 908 3823 937 3878; x_wconf 73' lang='lat' dir='ltr'><strong>fl.</strong></span> <span class='ocrx_word' id='word_1_390' title='bbox 954 3823 990 3874; x_wconf 79' lang='lat' dir='ltr'><strong>tr.</strong></span> <span class='ocrx_word' id='word_1_391' title='bbox 1005 3823 1054 3875; x_wconf 69' lang='grc'><strong>55.</strong></span> <span class='ocrx_word' id='word_1_392' title='bbox 1069 3825 1159 3876; x_wconf 68' lang='lat' dir='ltr'><strong>seed.</strong></span> 
     </span>
     <span class='ocr_line' id='line_1_44' title="bbox 56 3889 1160 3963; baseline -0.001 -18"><span class='ocrx_word' id='word_1_393' title='bbox 56 3893 91 3945; x_wconf 83' lang='lat'><strong>1).</strong></span> <span class='ocrx_word' id='word_1_394' title='bbox 105 3895 164 3958; x_wconf 76' lang='lat' dir='ltr'><strong>dl,</strong></span> <span class='ocrx_word' id='word_1_395' title='bbox 186 3897 222 3948; x_wconf 70' lang='lat' dir='ltr'><strong>ss..</strong></span> <span class='ocrx_word' id='word_1_396' title='bbox 253 3896 333 3963; x_wconf 79' lang='lat' dir='ltr'><strong>Quae</strong></span> <span class='ocrx_word' id='word_1_397' title='bbox 352 3897 487 3952; x_wconf 59' lang='lat' dir='ltr'><strong>s&#39;itivacua</strong></span> <span class='ocrx_word' id='word_1_398' title='bbox 503 3893 650 3962; x_wconf 83' lang='lat' dir='ltr'><strong>possessio,</strong></span> <span class='ocrx_word' id='word_1_399' title='bbox 669 3889 839 3960; x_wconf 85' lang='lat' dir='ltr'><strong>intelligitur</strong></span> <span class='ocrx_word' id='word_1_400' title='bbox 853 3911 886 3943; x_wconf 85' lang='lat' dir='ltr'><strong>ex</strong></span> <span class='ocrx_word' id='word_1_401' title='bbox 901 3894 936 3943; x_wconf 87' lang='lat' dir='ltr'><strong>t&#39;r.</strong></span> <span class='ocrx_word' id='word_1_402' title='bbox 954 3892 981 3944; x_wconf 71' lang='lat'><strong>2.</strong></span> <span class='ocrx_word' id='word_1_403' title='bbox 1001 3894 1036 3945; x_wconf 83' lang='lat' dir='ltr'><strong>l).</strong></span> <span class='ocrx_word' id='word_1_404' title='bbox 1055 3889 1102 3956; x_wconf 76' lang='lat' dir='ltr'><strong>lt),</strong></span> <span class='ocrx_word' id='word_1_405' title='bbox 1124 3897 1160 3946; x_wconf 78' lang='lat' dir='ltr'><strong>ls</strong></span> 
     </span>
     <span class='ocr_line' id='line_1_45' title="bbox 58 3962 1159 4037; baseline -0.001 -22"><span class='ocrx_word' id='word_1_406' title='bbox 58 3965 152 4016; x_wconf 85' lang='lat' dir='ltr'><strong>Vacua</strong></span> <span class='ocrx_word' id='word_1_407' title='bbox 176 3969 311 4036; x_wconf 78' lang='lat' dir='ltr'><strong>possessio</strong></span> <span class='ocrx_word' id='word_1_408' title='bbox 336 3968 447 4034; x_wconf 81' lang='lat' dir='ltr'><strong>emptori</strong></span> <span class='ocrx_word' id='word_1_409' title='bbox 462 3965 565 4018; x_wconf 81' lang='lat' dir='ltr'><strong>tradita</strong></span> <span class='ocrx_word' id='word_1_410' title='bbox 583 3981 636 4017; x_wconf 91' lang='lat' dir='ltr'><strong>non</strong></span> <span class='ocrx_word' id='word_1_411' title='bbox 651 3962 829 4032; x_wconf 71' lang='lat' dir='ltr'><strong>intelligitur,</strong></span> <span class='ocrx_word' id='word_1_412' title='bbox 856 3965 882 4012; x_wconf 84' lang='lat' dir='ltr'><strong>ei</strong></span> <span class='ocrx_word' id='word_1_413' title='bbox 898 3963 971 4014; x_wconf 78' lang='lat' dir='ltr'><strong>alius</strong></span> <span class='ocrx_word' id='word_1_414' title='bbox 989 3965 1017 4016; x_wconf 88' lang='lat' dir='ltr'><strong>in</strong></span> <span class='ocrx_word' id='word_1_415' title='bbox 1035 3981 1068 4018; x_wconf 83' lang='lat' dir='ltr'><strong>ea</strong></span> <span class='ocrx_word' id='word_1_416' title='bbox 1087 3965 1159 4037; x_wconf 74' lang='lat' dir='ltr'><strong>lega-</strong></span> 
     </span>
     <span class='ocr_line' id='line_1_46' title="bbox 58 4033 1162 4110; baseline 0.002 -25"><span class='ocrx_word' id='word_1_417' title='bbox 58 4043 159 4096; x_wconf 84' lang='lat' dir='ltr'><strong>tarum,</strong></span> <span class='ocrx_word' id='word_1_418' title='bbox 177 4039 276 4110; x_wconf 80' lang='lat' dir='ltr'><strong>fideiue</strong></span> <span class='ocrx_word' id='word_1_419' title='bbox 292 4039 487 4088; x_wconf 79' lang='lat' dir='ltr'><strong>cominisserum</strong></span> <span class='ocrx_word' id='word_1_420' title='bbox 500 4033 691 4088; x_wconf 75' lang='lat' dir='ltr'><strong>servandorum</strong></span> <span class='ocrx_word' id='word_1_421' title='bbox 708 4051 791 4083; x_wconf 87' lang='lat' dir='ltr'><strong>cansa</strong></span> <span class='ocrx_word' id='word_1_422' title='bbox 806 4035 835 4082; x_wconf 90' lang='lat' dir='ltr'><strong>in</strong></span> <span class='ocrx_word' id='word_1_423' title='bbox 847 4035 1014 4101; x_wconf 83' lang='lat' dir='ltr'><strong>possessione</strong></span> <span class='ocrx_word' id='word_1_424' title='bbox 1031 4044 1085 4094; x_wconf 83' lang='lat' dir='ltr'><strong>est,</strong></span> <span class='ocrx_word' id='word_1_425' title='bbox 1113 4042 1162 4086; x_wconf 80' lang='lat' dir='ltr'><strong>aut</strong></span> 
     </span>
     <span class='ocr_line' id='line_1_47' title="bbox 57 4104 1160 4177; baseline -0.002 -20"><span class='ocrx_word' id='word_1_426' title='bbox 57 4109 203 4160; x_wconf 80' lang='lat' dir='ltr'><strong>creditores</strong></span> <span class='ocrx_word' id='word_1_427' title='bbox 219 4111 288 4159; x_wconf 82' lang='lat' dir='ltr'><strong>borea</strong></span> <span class='ocrx_word' id='word_1_428' title='bbox 298 4109 464 4177; x_wconf 81' lang='lat' dir='ltr'><strong>possideant.</strong></span> <span class='ocrx_word' id='word_1_429' title='bbox 500 4104 728 4157; x_wconf 75' lang='lat' dir='ltr'><strong>iderndieendsun</strong></span> <span class='ocrx_word' id='word_1_430' title='bbox 745 4112 793 4162; x_wconf 83' lang='lat' dir='ltr'><strong>est,</strong></span> <span class='ocrx_word' id='word_1_431' title='bbox 812 4106 837 4154; x_wconf 87' lang='lat' dir='ltr'><strong>si</strong></span> <span class='ocrx_word' id='word_1_432' title='bbox 851 4111 942 4154; x_wconf 84' lang='lat' dir='ltr'><strong>uenter</strong></span> <span class='ocrx_word' id='word_1_433' title='bbox 954 4107 982 4156; x_wconf 88' lang='lat' dir='ltr'><strong>iu</strong></span> <span class='ocrx_word' id='word_1_434' title='bbox 994 4109 1160 4174; x_wconf 78' lang='lat' dir='ltr'><strong>possessione</strong></span> 
     </span>
     <span class='ocr_line' id='line_1_48' title="bbox 57 4173 1161 4247; baseline 0 -21"><span class='ocrx_word' id='word_1_435' title='bbox 57 4179 108 4237; x_wconf 85' lang='lat' dir='ltr'><strong>sit;</strong></span> <span class='ocrx_word' id='word_1_436' title='bbox 138 4199 204 4230; x_wconf 87' lang='lat' dir='ltr'><strong>nam</strong></span> <span class='ocrx_word' id='word_1_437' title='bbox 221 4187 248 4228; x_wconf 85' lang='lat' dir='ltr'><strong>et</strong></span> <span class='ocrx_word' id='word_1_438' title='bbox 265 4179 301 4229; x_wconf 86' lang='lat' dir='ltr'><strong>ad</strong></span> <span class='ocrx_word' id='word_1_439' title='bbox 316 4181 364 4230; x_wconf 81' lang='lat' dir='ltr'><strong>hee</strong></span> <span class='ocrx_word' id='word_1_440' title='bbox 377 4181 494 4247; x_wconf 85' lang='lat' dir='ltr'><strong>pertinet</strong></span> <span class='ocrx_word' id='word_1_441' title='bbox 509 4179 588 4228; x_wconf 81' lang='lat' dir='ltr'><strong>vacui</strong></span> <span class='ocrx_word' id='word_1_442' title='bbox 607 4175 763 4244; x_wconf 71' lang='lat' dir='ltr'><strong>appellatis.</strong></span> <span class='ocrx_word' id='word_1_443' title='bbox 791 4213 794 4222; x_wconf 86' lang='lat'><strong>.</strong></span> <span class='ocrx_word' id='word_1_444' title='bbox 811 4173 870 4226; x_wconf 82' lang='lat' dir='ltr'><strong>Nec</strong></span> <span class='ocrx_word' id='word_1_445' title='bbox 886 4183 976 4230; x_wconf 85' lang='lat' dir='ltr'><strong>tamen</strong></span> <span class='ocrx_word' id='word_1_446' title='bbox 993 4179 1019 4228; x_wconf 86' lang='lat' dir='ltr'><strong>h.</strong></span> <span class='ocrx_word' id='word_1_447' title='bbox 1041 4174 1060 4228; x_wconf 89' lang='lat' dir='ltr'><strong>l.</strong></span> <span class='ocrx_word' id='word_1_448' title='bbox 1078 4177 1161 4226; x_wconf 84' lang='lat' dir='ltr'><strong>intel·</strong></span> 
     </span>
     <span class='ocr_line' id='line_1_49' title="bbox 58 4245 1161 4320; baseline 0 -23"><span class='ocrx_word' id='word_1_449' title='bbox 58 4247 261 4320; x_wconf 84' lang='lat' dir='ltr'><strong>lignsprscdis</strong></span> <span class='ocrx_word' id='word_1_450' title='bbox 277 4252 418 4311; x_wconf 66' lang='lat' dir='ltr'><strong>vacantius</strong></span> <span class='ocrx_word' id='word_1_451' title='bbox 442 4257 552 4302; x_wconf 80' lang='lat' dir='ltr'><strong>&#39;vacans</strong></span> <span class='ocrx_word' id='word_1_452' title='bbox 567 4249 637 4300; x_wconf 86' lang='lat' dir='ltr'><strong>euius</strong></span> <span class='ocrx_word' id='word_1_453' title='bbox 654 4245 791 4312; x_wconf 88' lang='lat' dir='ltr'><strong>possessio</strong></span> <span class='ocrx_word' id='word_1_454' title='bbox 807 4246 929 4306; x_wconf 86' lang='lat' dir='ltr'><strong>dicitur,</strong></span> <span class='ocrx_word' id='word_1_455' title='bbox 966 4265 1035 4315; x_wconf 88' lang='lat' dir='ltr'><strong>quse</strong></span> <span class='ocrx_word' id='word_1_456' title='bbox 1059 4248 1104 4298; x_wconf 85' lang='lat' dir='ltr'><strong>vel</strong></span> <span class='ocrx_word' id='word_1_457' title='bbox 1127 4265 1161 4297; x_wconf 85' lang='lat' dir='ltr'><strong>ex</strong></span> 
     </span>
     <span class='ocr_line' id='line_1_50' title="bbox 58 4317 1160 4392; baseline -0.004 -22"><span class='ocrx_word' id='word_1_458' title='bbox 58 4322 231 4392; x_wconf 82' lang='lat' dir='ltr'><strong>negligentia</strong></span> <span class='ocrx_word' id='word_1_459' title='bbox 245 4323 448 4379; x_wconf 70' lang='lat' dir='ltr'><strong>censuissem,</strong></span> <span class='ocrx_word' id='word_1_460' title='bbox 467 4321 513 4372; x_wconf 84' lang='lat' dir='ltr'><strong>vel</strong></span> <span class='ocrx_word' id='word_1_461' title='bbox 525 4321 590 4387; x_wconf 83' lang='lat' dir='ltr'><strong>quia</strong></span> <span class='ocrx_word' id='word_1_462' title='bbox 607 4318 730 4368; x_wconf 70' lang='lat' dir='ltr'><strong>dominus</strong></span> <span class='ocrx_word' id='word_1_463' title='bbox 746 4317 806 4368; x_wconf 84' lang='lat' dir='ltr'><strong>sine</strong></span> <span class='ocrx_word' id='word_1_464' title='bbox 821 4335 981 4370; x_wconf 87' lang='lat' dir='ltr'><strong>successore</strong></span> <span class='ocrx_word' id='word_1_465' title='bbox 999 4319 1160 4376; x_wconf 81' lang='lat' dir='ltr'><strong>decesserit,</strong></span> 
     </span>
    </p>
   </div>
   <div class='ocr_carea' id='block_1_4' title="bbox 59 4387 863 4508">
    <p class='ocr_par' dir='ltr' id='par_1_10' title="bbox 59 4387 863 4508">
     <span class='ocr_line' id='line_1_51' title="bbox 59 4387 863 4508; baseline -0.005 -67"><span class='ocrx_word' id='word_1_466' title='bbox 59 4391 103 4442; x_wconf 75' lang='lat' dir='ltr'><strong>vel</strong></span> <span class='ocrx_word' id='word_1_467' title='bbox 120 4393 209 4462; x_wconf 87' lang='lat' dir='ltr'><strong>longo</strong></span> <span class='ocrx_word' id='word_1_468' title='bbox 224 4399 349 4462; x_wconf 87' lang='lat' dir='ltr'><strong>tempore</strong></span> <span class='ocrx_word' id='word_1_469' title='bbox 368 4393 479 4444; x_wconf 78' lang='lat' dir='ltr'><strong>afuerit.</strong></span> <span class='ocrx_word' id='word_1_470' title='bbox 502 4391 582 4443; x_wconf 72' lang='lat' dir='ltr'><strong>·&#39;,Geia</strong></span> <span class='ocrx_word' id='word_1_471' title='bbox 597 4389 639 4440; x_wconf 83' lang='grc' dir='ltr'><strong>Π.</strong></span> <span class='ocrx_word' id='word_1_472' title='bbox 658 4387 747 4454; x_wconf 55' lang='lat' dir='ltr'><strong>§.ct</strong></span> <span class='ocrx_word' id='word_1_473' title='bbox 805 4416 807 4425; x_wconf 76' lang='lat'><strong>.</strong></span> <span class='ocrx_word' id='word_1_474' title='bbox 845 4456 863 4508; x_wconf 59' lang='lat' dir='ltr'><strong>q</strong></span> 
     </span>
    </p>
   </div>
   <div class='ocr_carea' id='block_1_5' title="bbox 0 0 1434 5024">
    <p class='ocr_par' dir='ltr' id='par_1_11' title="bbox 0 0 1434 5024">
     <span class='ocr_line' id='line_1_52' title="bbox 0 0 1434 5024; baseline 0 0"><span class='ocrx_word' id='word_1_475' title='bbox 0 0 1434 5024; x_wconf 95' lang='lat' dir='ltr'><strong> </strong></span> 
     </span>
    </p>
   </div>
  </div>
 </body>
</html>
