2854 5024
175 312 325 436 pp
562 353 967 448 ,enarro
1152 351 1215 393 ἰ

250 534 313 588 ret.
364 521 459 586 Nunc
489 523 539 588 ita
568 521 775 599 defenditur,
820 543 888 588 non
920 541 1003 602 sane
1031 527 1069 584 ut
1096 519 1246 587 moleste
1276 520 1354 582 ferre

254 607 433 670 adversarii
455 607 618 682 debeant,
640 627 747 689 neque
768 615 806 668 ut
827 628 863 668 se
884 605 1036 688 potentia
1057 604 1211 687 superui
1233 612 1356 685 putent.
1410 629 1411 642 ¹

184 697 245 752 {48
255 689 347 768 Quae
370 689 458 750 domi
477 691 621 770 gerenda
644 699 738 764 sunt,
767 711 805 750 ea
825 711 885 771 per
907 688 1087 752 Caeciliam
1106 689 1356 767 transiguntur:

253 776 318 836 fori
342 773 523 858 iudiciique
554 773 713 834 rationem
738 773 905 847 Messala,
946 781 983 834 ut
1021 771 1163 846 ridetis,
1210 771 1357 844 iudices,

252 857 409 938 suscepit.
449 858 506 940 qui
530 855 564 919 'si
592 857 656 918 iam
678 857 760 918 satis
782 857 901 918 aetatis
924 865 1028 940 atque
1045 855 1173 918 roboris
1200 853 1356 926 haberet,

228 941 320 1022 -ipse
341 941 497 1022 pro-Sex.
515 939 637 1001 Roscio
656 941 797 1000 diecret:
822 939 972 1024 quoniam
994 939 1036 1001 ad
1056 939 1242 1012 dicendum
1264 939 1357 1018 impe·

250 1023 397 1086 dimento
420 1031 472 1083 est
493 1031 606 1098 aetas,
629 1032 663 1083 et
683 1023 810 1104 pudor,
842 1024 898 1107 qui
920 1031 1014 1087 ornat
1037 1031 1201 1096 aetatem,
1234 1041 1356 1082 causan

249 1101 330 1168 milri
351 1105 506 1182 tradidit,
529 1111 635 1188 'quem
663 1128 722 1168 sua
749 1129 847 1166 cause
876 1128 995 1190 cupere
1025 1129 1062 1166 ac
1085 1107 1211 1168 debere
1237 1103 1355 1164 intelli·

251 1185 367 1271 pebat:
399 1187 470 1270 ipse
494 1191 709 1264 assiduitate,
742 1189 902 1268 consilio,
934 1186 1356 1270 auctoritate,jdiliffentia

249 1271 409 1356 perfecit,
439 1281 476 1333 ut
498 1273 573 1334 Sex.
595 1273 712 1335 Roscii
731 1274 822 1346 vita,
859 1282 972 1355 erepte
1002 1271 1042 1334 de
1066 1273 1231 1334 manibus.
1255 1278 1356 1331 secto·

250 1379 341 1432 rum,
363 1355 539 1424 sententiis
561 1356 712 1424 iudicum¹
722 1357 977 1438 permitteretur.
1022 1356 1195 1428 Nimirum,
1219 1355 1357 1424 iudices,

249 1461 311 1584 pro
342 1439 404 1498 hac
432 1437 605 1500 nobilitate
636 1462 712 1520 pars
741 1441 878 1500 maxima
908 1440 1053 1513 civitatis
1082 1442 1118 1502 in
1147 1439 1252 1504 armis
1283 1435 1354 1499 fuit:

276 1544 334 1584 aee
361 1531 435 1584 aeta
455 1545 508 1592 res
532 1532 594 1597 est,
616 1523 666 1584 uti
686 1523 815 1584 nobiles
843 1524 1099 1584 restituerentur
1119 1524 1155 1584 in
1178 1523 1355 1588 civitatem,

253 1606 310 1688 qui
327 1604 389 1666 hoc
408 1607 568 1680 facerent,
590 1607 677 1690 quod
696 1607 809 1669 facere.
823 1607 999 1667 Messalam
1016 1607 1157 1668 videtis:
1183 1605 1248 1688 qui
1268 1608 1355 1682 eaput

250 1689 437 1748 innocentis
472 1690 707 1751 defenderent:
750 1690 806 1773 qui
842 1690 981 1750 iniuriae
1020 1690 1243 1752 resisterent:
1287 1684 1353 1768 qui,

253 1779 408 1856 quantum
434 1781 590 1852 possent,
632 1775 667 1835 in
701 1773 807 1834 salute
837 1772 994 1848 alterius,
1037 1795 1131 1853 qoam
1161 1773 1200 1842 in
1240 1769 1352 1836 exitio,

175 1911 178 1919 .
251 1855 387 1919 mallent
410 1857 595 1941 ostendere.
639 1857 737 1932 Quod
760 1857 789 1917 si
811 1878 941 1927 omncs,
974 1856 1031 1940 qui
1053 1858 1168 1934 eodem
1190 1856 1273 1916 loeo
1297 1848 1350 1910 nati

242 1945 353 2012 sunt,
375 1939 547 2011 fecerent:
582 1946 615 2000 et
636 1938 825 2022 respublica
846 1939 998 2018 axillis,
1028 1947 1061 2002 et
1082 1939 1148 2022 ipsi
1171 1961 1216 2000 ex
1239 1931 1353 1997 invidi:

254 2021 360 2083 minus
382 2022 579 2103 laborarent.
1084 2069 1087 2074 -
1186 2091 1188 2094 ,

186 2113 248 2168 150
318 2105 395 2166 Car.
419 2105 495 2166 Lll.
537 2106 659 2172 Verum
676 2104 706 2166 si
727 2129 745 2166 a
760 2107 987 2192 Chrysogono,
1009 2107 1149 2180 iudices,
1170 2127 1245 2178 non
1258 2103 1352 2180 'impet

124 2197 130 2216 .
214 2227 215 2230 ¹
253 2196 396 2263 iramuS,
418 2197 455 2249 ut
476 2190 617 2268 pecunia
638 2198 750 2252 nostra
773 2199 946 2254 contentus
970 2192 1036 2265 sit,
1058 2191 1156 2251 vitam
1178 2211 1224 2249 ne
1249 2191 1348 2268 petat:

160 2349 162 2360 J
251 2272 284 2332 si
298 2272 356 2332 ille
379 2272 498 2332 adduci
513 2295 579 2332 non
594 2282 725 2354 potest,
749 2283 802 2348 ut,
836 2298 907 2338 cum
931 2275 1088 2334 ademerit
1105 2273 1208 2334 nobis
1229 2268 1350 2338 omnm,

252 2377 335 2437 quac
358 2362 472 2416 nostra
494 2363 586 2416 erant
607 2357 762 2438 propria,
785 2381 826 2418 ne
844 2359 955 2418 lucem
977 2379 1106 2441 quoquc
1130 2356 1241 2430 hane,
1279 2369 1350 2434 quse

253 2439 430 2499 eommunis
454 2445 527 2512 est,
558 2431 835 2523 eriperefcupiat:
875 2442 905 2502 si
932 2463 998 2502 non
1028 2440 1107 2500 satis
1130 2440 1235 2500 habet
1261 2431 1350 2496 avari·

249 2521 330 2582 tiam
352 2543 442 2581 suam
461 2522 602 2602 pecunia
625 2524 777 2605 explere,
799 2524 863 2586 nisi
886 2525 984 2596 etiam
1007 2524 1204 2583 crudelitate
1231 2514 1351 2597 sangui·

251 2604 303 2666 nis
325 2605 465 2686 perlitus
488 2607 553 2666 sit:
576 2629 673 2668 unum
695 2609 899 2690 perfugium,
921 2607 1071 2680 iudices,
1094 2629 1159 2666 una
1181 2625 1262 2688 spes
1285 2597 1350 2664 rell-

253 2741 356 2755 unu-—

250 2846 279 2898 p.
299 2829 396 2880 Sextio
416 2827 469 2880 59:
499 2829 638 2880 Videtisne
655 2860 687 2870 --
706 2832 801 2898 quibus
820 2832 964 2883 consistere
981 2831 1011 2880 in
1027 2847 1167 2899 operarum
1184 2825 1348 2880 concionibus

251 2901 419 2958 peniteret,
438 2917 482 2950 eos
501 2903 571 2950 omni
587 2901 682 2970 populi
700 2899 815 2952 Romani
833 2902 1030 2972 siqnificotione
1048 2901 1196 2951 decorari?
1218 2905 1273 2968 *pn
1294 2893 1348 2945 clu.

251 2965 301 3022 59.
316 2989 375 3040 pr.:
409 2971 502 3037 Neque
518 2974 573 3040 ipse
592 2971 647 3022 dici
661 2974 820 3041 patiebatur
828 2995 840 3032 ,1
856 2959 902 3022 iaec
916 2967 967 3041 per
981 2971 1177 3036 nrnltitrcdincrn
1193 2971 1348 3022 consecutam

250 3044 395 3094 cometen
410 3044 538 3108 ,cuiquam
556 3043 585 3092 in
602 3043 714 3094 &cende
733 3045 840 3097 licebat.
876 3061 902 3095 v.
921 3062 947 3112 p.
967 3043 1040 3095 Mur.
1062 3041 1109 3093 lli.

303 3112 359 3181 fori
379 3141 410 3152 -
430 3115 577 3172 reticuere,
596 3133 665 3182 quae
686 3115 714 3164 in
732 3115 795 3166 foro
815 3115 938 3183 gerenda
957 3120 1028 3174 sunt,
1053 3113 1117 3179 fieri
1135 3113 1236 3164 solent.
1271 3107 1346 3157 Vct?-

251 3181 360 3234 1149:
380 3186 467 3234 oratio
487 3185 578 3234 aliena
596 3185 630 3234 alr
643 3184 810 3254 judiciorum
826 3187 940 3236 ratione.
1072 3227 1074 3232 .
1141 3233 1149 3241 „

305 3253 435 3304 Messala.
462 3254 580 3306 Sielioc
599 3273 697 3306 nomen
715 3257 803 3324 script
821 3275 848 3307 m
867 3255 955 3307 estin
973 3254 1054 3304 Pars.
1075 3261 1103 3305 ct
1121 3253 1150 3302 in
1164 3253 1208 3304 ed.
1222 3252 1346 3302 Romana

252 3323 442 3375 Hotomannus
467 3325 506 3375 M.
533 3325 680 3376 Messalam
707 3327 847 3378 consulem
873 3345 933 3378 cum
951 3326 990 3376 M.
1009 3325 1098 3392 Pupie
1118 3324 1219 3374 Pisone
1240 3340 1264 3373 a.
1283 3337 1307 3368 u·
1325 3330 1345 3362 θ·

192 3435 195 3440 .
224 3397 227 3404 ’
251 3393 314 3446 693
331 3395 454 3470 intelligi
477 3397 553 3456 vult,
583 3415 743 3465 comparans
768 3397 829 3448 Cic.
856 3399 884 3448 in
906 3398 986 3447 Brut.
1009 3395 1068 3458 70;
1103 3395 1244 3446 Manutius
1266 3393 1346 3466 autern

162 3493 165 3506 .
248 3467 388 3538 juniorem
412 3467 547 3534 quendam
572 3466 704 3524 Valeriae
728 3469 836 3536 gentis,
863 3468 911 3538 qui
928 3487 953 3518 a.
968 3484 999 3518 u.
1020 3485 1043 3518 e.
1066 3465 1125 3517 701
1152 3483 1212 3517 eum
1231 3459 1345 3514 Damius

252 3538 424 3590 consulatum
444 3537 537 3605 gessit.
895 3575 899 3578 -
1147 3573 1151 3579 -
1199 3595 1202 3600 .

304 3610 426 3666 roboris,
446 3611 469 3660 si
489 3613 562 3660 esset
580 3612 632 3658 usu
648 3613 731 3676 atque
748 3613 839 3660 aetate
856 3607 1008 3660 robustior.
1045 3625 1072 3675 p.
1089 3605 1171 3656 Sulla
1191 3603 1239 3679 16,

304 3695 354 3727 soc
372 3697 455 3730 causa
472 3697 575 3748 crepere.
611 3678 713 3738 Velle,
734 3697 836 3748 cupere
856 3681 958 3738 alicui,
985 3678 1031 3730 vel
1050 3677 1167 3746 alicujus
1186 3690 1283 3729 cause,
1309 3666 1345 3714 ⁶³²

252 3749 384 3834 studere,
403 3751 498 3802 favere
518 3749 612 3800 alicui.
648 3733 734 3804 Ver-r.
753 3751 779 3800 1)
799 3745 1242 3817 6:1eneqoeoeilesoccousa‚
1270 3748 1343 3802 nequo

250 3837 423 3940 attilia
436 3837 523 3942 iii.
538 3819 920 3950 ttt‘ttt“5..i}.ii}..t}
937 3818 1150 3941 iiiiai‘fii
1168 3833 1259 3957 {iiii
1273 3805 1342 3930 tit:

251 3959 308 4010 lexi
334 3977 427 4029 copes-c
454 3963 478 4011 ei
503 3962 636 4012 societati.
674 3960 731 4013 78(
770 3961 909 4029 Obseqnor
927 3991 959 4002 -·
977 3958 1007 4012 C.
1027 3960 1142 4019 Flacco,
1169 3959 1243 4028 eujrcs
1269 3958 1341 4002 casus

166 4093 169 4101 ι
251 4031 340 4081 omnia
358 4049 416 4081 curn
432 4033 527 4100 cupio,
547 4040 601 4085 tum
620 4031 765 4083 rrmhercule
783 4035 863 4084 ctiam
877 4033 967 4083 debeo.
986 4050 1012 4085 v.
1026 4032 1095 4082 ibid.
1111 4029 1160 4081 64.
1179 4029 1196 4080 I
1212 4029 1238 4080 l.
1258 4011 1339 4074 111⁷·

249 4102 312 4152 v11
339 4101 365 4154 1.
403 4101 488 4154 ve...
513 4103 547 4156 11
568 4101 616 4154 :a
654 4103 726 4155 nor.
754 4095 814 4156 stt.
833 4105 850 4155 1
872 4103 911 4164 c,
938 4099 988 4156 oe.
1025 4103 1092 4154 rer.
1111 4101 1182 4153 nun.
1199 4099 1227 4150 v
1244 4096 1280 4154 a.
1296 4082 1338 4139 ⁴⁰·

251 4171 355 4224 Heaut.
374 4172 449 4241 prol.
466 4171 515 4223 41.
1240 4211 1247 4234 ,
1324 4223 1329 4236 ,

305 4243 371 4294 LII.
408 4244 433 4312 5.
454 4241 521 4294 l50.
553 4243 677 4312 perlitus.
714 4242 771 4294 Pro
789 4243 870 4298 codd.
889 4250 916 4294 ct
933 4243 995 4295 cdd.
1012 4247 1080 4294 vett.
1099 4241 1237 4292 lectione:
1260 4224 1337 4308 pred·
1410 4248 1411 4257 ¹

250 4321 303 4371 tus:
322 4333 391 4382 quac
408 4313 488 4366 nilrili
503 4319 554 4372 est,
576 4313 704 4368 Clericus
723 4315 857 4384 conjecit:
884 4314 1040 4364 crudelitati
1057 4313 1187 4382 sanquine
1200 4300 1336 4381 perierant

251 4386 286 4438 dc
310 4403 364 4457 qua
389 4385 523 4456 loquendi
550 4385 641 4438 forna
668 4403 695 4438 v.
721 4384 784 4438 Liv.
800 4383 828 4436 V
846 4382 894 4437 58.
932 4384 1078 4438 Orationis
1101 4389 1183 4438 tenor
1205 4374 1337 4449 requires·
