2824 5018
390 411 487 470 nno
510 413 543 468 r..
568 381 788 469 nunnus.
1050 403 1129 497 501
1197 369 1201 380 '

37 599 161 642 summo
181 577 332 659 ingenio,
354 599 472 661 opera,
494 579 615 661 gratia,
636 581 828 653 nobilitate,
851 603 868 640 a
893 577 939 639 Μ.
961 576 1131 638 Herennio

36 663 187 743 superari
208 683 306 742 posse
329 665 499 724 arbitratus
525 665 603 722 cst?
633 664 705 748 quis
729 665 768 740 Q.
792 659 964 734 Catulum,
987 662 1130 721 humani-

35 755 133 816 tate,
155 746 330 824 sapientia,
353 746 540 827 integritate
563 741 830 820 antecellentem,
854 771 871 806 a
893 745 952 805 Gn.
979 745 1131 805 Manlio?

37 830 114 910 qula
137 827 182 888 M.
205 828 377 900 Scaurum,
399 828 558 889 hominem
580 829 812 908 gravissimum,
836 828 936 889 ciuem
957 827 1130 909 egregium,

36 911 251 970 fortissimum
273 920 474 984 senatorem,
508 913 588 988 aQ.
610 913 778 972 Maxima?
815 933 880 972 non
901 912 995 971 modo
1018 912 1137 970 horum·

36 994 125 1052 nihil
146 994 192 1053 ita
213 995 282 1052 sore
306 1002 451 1073 putatum
474 1001 544 1066 est,
573 994 631 1054 sed
652 1017 692 1054 ne
716 1017 787 1056 cum
809 1000 896 1055 esset
918 997 1038 1056 sactum
1061 993 1131 1076 qui-

37 1077 136 1148 dem,
169 1091 266 1158 quare
295 1076 342 1135 ita
371 1079 490 1136 iactum
522 1086 629 1151 esset,
660 1077 802 1158 intelligi
833 1079 948 1158 potuit.
992 1078 1072 1136 Nam
1094 1083 1133 1134 ut

36 1165 253 1238 tempestates
284 1178 380 1242 saepe
413 1168 502 1220 certo
528 1161 635 1242 aliquo
659 1161 743 1221 coeli
765 1161 857 1241 signo
882 1167 1131 1230 commoventur,

37 1263 141 1320 saepe
163 1241 336 1322 improviso
359 1243 453 1303 nulla
471 1263 511 1302 ex
532 1249 621 1302 certa
641 1243 779 1316 ratione,
802 1245 938 1304 obseura
960 1243 1068 1324 aliqua
1092 1261 1132 1320 ex

38 1345 143 1386 causa
163 1324 362 1385 excitantur:
387 1325 434 1384 sie
455 1325 490 1384 in
511 1325 571 1386 hac
594 1326 794 1386 comitiorum
815 1335 1007 1407 tempestate
1030 1345 1133 1405 popu·

37 1405 126 1478 lari,
160 1427 256 1487 saepe
277 1407 463 1488 intelligas,
494 1430 558 1490 quo
577 1409 669 1490 signo
693 1418 847 1470 commota
872 1411 935 1484 sit,
966 1427 1063 1488 saepe
1086 1407 1133 1466 ita

38 1491 186 1551 obscura·
204 1499 277 1562 est,
299 1499 334 1550 nt
357 1511 434 1550 casn
456 1491 596 1552 excitata
617 1513 690 1552 esse
713 1493 862 1554 videatur

106 1572 183 1631 (lam
205 1572 335 1634 xvnl.
379 1574 445 1632 Sed
467 1582 594 1646 tumen,
619 1575 647 1634 si
670 1582 720 1634 est
741 1575 907 1635 reddenda
928 1573 1025 1648 ratio,
1047 1542 1180 1630 duae³⁷

38 1677 96 1717 res
118 1653 324 1714 vehementer
344 1655 378 1714 in
399 1663 550 1736 praetura
573 1656 776 1719 desideratae
799 1667 895 1728 sunt,
919 1679 1001 1741 quae
1023 1655 1131 1714 amhae

40 1740 77 1798 in
101 1739 271 1798 consulatu
296 1737 451 1798 Murenae
473 1741 680 1822 prosuerunt:
703 1761 778 1813 una,
801 1741 1003 1824 exspectatio
1024 1757 1133 1797 mune-¹
1220 1817 1221 1820 Ἴ

42 1993 173 2064 collegio,
191 2009 288 2043 samma
302 1993 381 2042 etiam
396 1993 561 2059 eloquentia,
582 1991 612 2045 L.
629 1991 781 2062 Philippum
795 1994 823 2042 ia
838 1993 991 2042 consulatus
1004 1993 1134 2060 petitione

42 2065 189 2130 superauit.
224 2063 262 2112 Μ.
287 2062 443 2114 Herennius
466 2064 560 2114 consul
580 2065 633 2114 fuit
658 2081 717 2116 cunr
741 2063 773 2118 G.
789 2063 904 2118 Valerio
920 2063 1040 2120 Flacco,
1068 2079 1091 2114 a.
1108 2079 1143 2112 u.-

46 2133 125 2196 6613
153 2140 181 2184 et
200 2133 232 2182 1..
247 2133 369 2184 Marcius
386 2134 530 2202 Philippus
549 2153 607 2184 carm
628 2134 657 2184 S.
678 2134 755 2184 Iulio
770 2131 891 2183 Caesare
912 2143 942 2182 ιι·
960 2149 986 2184 u.
1010 2131 1079 2185 (363.
1102 2159 1135 2170 -

49 2221 142 2272 opera.
163 2203 274 2254 lorensi.
311 2202 536 2272 v.supra§.21.
558 2203 737 2256 off.1115=
775 2203 828 2264 Qui
844 2220 938 2270 opera,
964 2204 981 2254 i.
997 2220 1017 2254 c.
1035 2203 1136 2251 uirtute

51 2282 76 2324 el
98 2274 244 2332 industria,
271 2267 377 2344 benefici
400 2282 425 2337 et
448 2275 572 2324 liberales
592 2281 675 2324 erunt.
713 2273 899 2324 Hotomaunus
915 2273 1060 2339 legendum
1074 2289 1135 2323 cen·
1238 2304 1240 2308 -

51 2345 104 2395 suit
119 2346 224 2413 apibus,
241 2345 351 2413 grana,-
371 2346 420 2395 sed
435 2352 546 2412 praeter
561 2345 647 2394 lita-os
661 2349 776 2394 veteres.
836 2355 839 2362 ’

102 2415 134 2478 Q.
155 2412 287 2464 Catulum.
322 2432 349 2482 p.
367 2414 480 2466 Plancio
497 2414 532 2464 li:
568 2415 645 2463 Dicet
665 2412 830 2480 [populus]‚
854 2411 1082 2480 praepositissam
1100 2411 1137 2473 Q.

48 2483 163 2543 Catulo,
191 2503 289 2534 stamma
307 2485 334 2533 in
348 2484 455 2552 familia
471 2492 549 2540 reato,
574 2485 766 2552 sapientissimo
781 2491 807 2531 et
824 2484 989 2531 carectissimo
1008 2482 1081 2538 aire,
1102 2509 1134 2520 -·

46 2555 95 2606 Ca.
114 2555 264 2614 Manlium,
290 2571 342 2602 aare
355 2555 438 2604 solam
455 2555 611 2624 ignobilem,
636 2571 725 2604 veram
740 2555 797 2602 siue
811 2555 934 2608 alatreta..
946 2554 1003 2602 siae
1020 2552 1135 2622 ingenio,

42 2631 102 2678 uita
125 2628 204 2675 etiam
224 2631 352 2674 contemta
377 2643 409 2676 uc
433 2624 552 2674 sordida.
588 2623 691 2674 Manat.
713 2624 748 2672 ad
768 2623 896 2672 Rosciam
922 2621 940 2672 7
967 2628 994 2672 et
1015 2623 1050 2672 sd
1071 2639 1097 2672 n.
1115 2621 1134 2672 l.

40 2697 167 2754 tonuit,
185 2695 340 2762 legendum
359 2712 416 2746 esse
437 2693 485 2746 Cn.
502 2693 644 2751 Mallium,
671 2693 882 2760 suffragantibus
901 2692 1018 2760 antiquis
1035 2691 1134 2750 libris,

40 2786 95 2818 nec
122 2765 204 2816 dubia
229 2767 362 2824 veritate,
391 2783 450 2817 curu
467 2765 572 2815 nubiles
588 2764 705 2823 Manlii,
732 2763 867 2831 ignobiles
886 2765 1028 2812 admodum
1044 2761 1134 2811 llInllii

40 2837 157 2890 fuerint.
193 2835 309 2886 llIauutii
325 2835 406 2886 libris
427 2835 626 2904 adstipulantur
642 2835 703 2884 Par.
722 2833 751 2884 d.
769 2833 840 2884 0211.
863 2835 957 2900 plures
972 2831 1025 2882 Msi
1047 2831 1073 2878 in
1092 2848 1133 2886 ar.

38 2907 185 3030 {figlina
205 2907 225 2960 l.
243 2924 264 2956 c.
283 2909 367 3024 §stolum
385 2907 624 3027 ιιιιιιιιιέιίἓὲῆιιιιιήΙ
650 2924 681 3024 pp
697 2905 975 3023 qRug'ppripggsrmisplp
1011 2899 1133 3020 Llllssnlal

60 2999 74 3028 e
115 2992 263 3027 ca.aaue.
336 2997 407 3030 ,m
428 2996 450 3029 e.
532 3016 536 3027 .
581 3005 612 3014 -
675 3014 681 3024 .
725 2991 809 3023 uero.
853 2991 878 3023 a.
925 2990 941 3019 a
966 2987 1000 3020 so.
1045 2988 1118 3019 ome

37 3046 163 3099 Parr.2.
179 3045 249 3099 M.
270 3046 298 3095 in
319 3045 334 3094 1
352 2977 414 3097 [liat.
439 3049 460 3116 fi.
476 3046 502 3097 ⁷.
528 2977 618 3114 [lfeg.
638 3045 696 3094 sal.
719 3031 874 3094 cum-Parr.
892 3041 906 3092 I
927 3039 988 3092 etti
1013 3042 1133 3092 retinent

36 3115 193 3183 Manlia]
213 3134 236 3166 v.
253 3133 279 3182 p.
295 3117 399 3166 Archia
415 3117 440 3168 5,

101 3187 134 3248 Q.
151 3185 236 3236 Falio
252 3185 381 3243 elautae,
398 3202 470 3238 cons.
487 3202 545 3234 cum
559 3183 591 3233 C.
607 3183 713 3233 Licinio
731 3181 803 3232 Geta
815 3199 841 3230 u.
858 3198 880 3230 c.
898 3179 966 3230 658.
983 3197 1132 3246 cognomen

36 3261 155 3311 Eburno
173 3257 225 3307 init
240 3262 356 3324 propter
372 3258 525 3308 candorem.
563 3255 604 3304 De
620 3254 658 3302 Μ,
674 3254 779 3303 Scauro
797 3269 821 3302 v.
839 3267 921 3315 snpra
936 3251 958 3318 ξ.
977 3248 1022 3302 16.
1049 3249 1133 3299 Adde

37 3331 107 3383 cic.
125 3327 159 3376 ad
174 3326 280 3394 Fanni
295 3325 328 3376 ll:
348 3325 381 3375 Iu
399 3343 449 3391 quo
468 3343 524 3374 eum
543 3340 627 3374 onraes
641 3321 765 3378 leminea,
785 3329 837 3370 tara
850 3322 890 3370 M.
906 3321 980 3370 illum
995 3319 1133 3377 Scaurum,

35 3397 205 3469 singularem
217 3397 311 3453 cirrum,
330 3397 479 3446 constantia
492 3393 520 3443 'et
531 3395 665 3462 gravitate
680 3399 835 3460 superasset.
859 3410 882 3442 v.
897 3393 924 3440 in
935 3391 1017 3442 Verr.
1034 3393 1070 3440 A.
1085 3391 1131 3440 17.

98 3463 168 3516 Nam
192 3473 229 3516 ut.
266 3465 321 3532 Qu.
343 3467 419 3515 VIII
445 3465 504 3524 51,
525 3464 573 3516 80.
597 3465 630 3514 de
654 3463 836 3530 Redditiouca
874 3461 948 3511 Illud
972 3479 1019 3529 pru
1045 3460 1132 3510 eadam

27 3542 97 3612 jum
112 3556 194 3606 paene
205 3537 308 3606 poetico
324 3539 420 3604 spiritu
430 3571 443 3594 ‚.
465 3535 511 3586 secl
527 3544 680 3585 tamencum
699 3552 747 3582 saa
764 3531 925 3588 redditione.
953 3531 1025 3597 quael
1038 3539 1077 3580 cst
1095 3529 1132 3580 act

36 3616 167 3662 ornanum
191 3605 401 3658 uceoraoelatias:
431 3605 511 3654 Nam
530 3614 565 3656 ut
584 3613 677 3672 ternp.
697 3633 727 3642 —
753 3611 789 3651 ut
813 3605 1019 3652 cirsescuusu
1038 3603 1131 3652 exei·
1211 3655 1214 3659 ,

35 3691 79 3733 ra
93 3686 130 3728 ta
146 3696 162 3728 a
173 3676 256 3726 idea
266 3683 327 3727 tur.
364 3676 496 3726 Nonnulli
511 3676 597 3727 'I'ullii
616 3674 694 3724 codd.
712 3671 814 3724 habeut
831 3675 991 3722 excitantur.

95 3747 209 3798 XVIII.
231 3747 254 3814 5,
273 3743 321 3796 5⁷.
357 3748 384 3796 in
400 3748 547 3800 corasulata.
584 3745 662 3796 Hanc
680 3744 752 3794 (rix.
767 3745 928 3811 scriptarum
946 3743 1006 3809 ipsa
1023 3742 1130 3792 concin-

34 3823 115 3873 nItas
134 3817 308 3884 commendat.
344 3818 384 3867 At
396 3816 475 3866 Parr.
492 3816 519 3868 8.
536 3817 564 3867 ll.
582 3834 640 3867 curn
658 3815 775 3880 vulgatis
786 3837 799 3863 ι.
812 3817 839 3864 ia
856 3814 1036 3870 consulatum,
1057 3812 1130 3880 quud

34 3896 67 3944 in
84 3907 117 3939 re
133 3889 252 3955 proxime
266 3893 342 3954 gesta
356 3888 496 3938 ferendum
513 3905 565 3936 non
580 3903 656 3944 esse,
680 3891 757 3934 recte
777 3885 845 3935 vidit
861 3883 1012 3934 Ernestius.
1031 3881 1129 3934 Pani
1228 3890 1232 3899 '

35 3967 69 4015 ιἰι
89 3957 229 4010 consulatu
245 3967 346 4013 tamen,
375 3964 402 4009 et
420 3954 473 4010 Gn.
495 3957 568 4008 Οὔκ.
584 3958 611 4005 iu
626 3955 804 4011 corasrslaturn,
831 3955 965 4022 probante
984 3951 1069 4003 Guer.
1094 3952 1130 4001 ud

36 4033 105 4086 Cic.
122 4029 155 4078 de
171 4028 256 4094 Legg.
268 4027 318 4076 111
336 4027 373 4077 1⁷
387 4046 429 4096 pr.
456 4028 529 4095 qnod
550 4033 585 4082 τὸ
608 4028 635 4076 ia
661 4025 815 4092 saepissime
837 4025 914 4074 tinem
941 4031 968 4073 et
987 4023 1129 4074 consiliam

34 4105 139 4158 notet,
158 4098 205 4148 ubi
220 4097 302 4164 vulgo
318 4097 354 4147 ad
368 4104 485 4166 ponatur
501 4097 536 4164 [v.
554 4096 586 4145 11
603 4095 664 4146 Cat.
682 4094 699 4146 2
718 4093 806 4160 estr.].
843 4096 901 4144 Sed
917 4095 995 4143 istam
1013 4094 1078 4144 lect.
1096 4109 1128 4140 ex

34 4175 138 4240 inepta
146 4168 293 4221 vicinarum
301 4167 467 4235 syllabarum
476 4167 638 4236 repetitione
648 4172 735 4216 natum
746 4182 814 4221 esse,
833 4166 898 4214 eatis
912 4163 1016 4214 indicat
1025 4162 1087 4210 Par.
1098 4159 1127 4216 ll,

35 4246 66 4295 in
94 4255 149 4306 qno
169 4239 197 4290 ia
223 4238 372 4288 consalutat
394 4245 448 4288 tum
473 4239 604 4306 scripturn
630 4245 679 4288 est.
714 4233 820 4284 Eodem
845 4250 940 4284 errore
957 4233 1030 4282 infra
1046 4230 1069 4297 5.
1086 4230 1125 4280 ssi

36 4311 149 4378 legitur
169 4309 336 4360 conciliatam
352 4326 436 4382 magu.
458 4337 489 4348 -
524 4310 558 4360 In
583 4308 675 4361 verbis
696 4321 769 4372 seqq.
788 4303 850 4354 Par.
868 4304 984 4372 optimas
999 4301 1028 4354 4.
1050 4306 1078 4354 et
1093 4299 1124 4352 S.

36 4383 152 4435 Victor.
165 4377 266 4432 habent
278 4368 409 4450 legatione
425 4379 507 4438 oraui.
534 4379 607 4450 quod
627 4375 839 4448 praeterendum
855 4374 960 4428 comsit
975 4370 1124 4428 Gruterus.
