2782 5022
370 405 421 464 ru
447 406 482 462 s.
510 393 812 463 cnrrstnnu.
910 419 911 430 ν
1061 403 1142 485 197

69 575 173 650 scum,
194 576 262 638 sine
278 585 365 640 metu
380 575 412 660 ¹)
429 573 602 639 indicaret.
644 576 729 638 Tum
758 575 817 638 ille
839 575 979 660 dixit2),
1001 575 1143 638 cumrix

68 681 95 720 se
109 681 144 719 ex
163 667 270 742 magno
286 662 402 728 timore
421 666 626 733 recreasset,
653 683 672 720 a
691 660 729 722 P.
747 660 887 722 Lentulo
900 681 943 720 se
960 660 1081 721 babere
1101 660 1143 719 ad
1177 715 1182 724 ,

67 742 220 804 Catilinam
241 744 391 804 mandata
413 751 446 804 et
461 742 589 816 literas,
611 750 648 803 ut
666 765 831 805 servorum
848 743 1014 825 praesidio
1033 750 1143 802 utere·

65 835 125 898 tur,
145 834 175 886 et
196 827 236 887 ad
253 827 364 887 urbem
389 826 619 910 quamprimum
637 846 710 886 cum
729 818 877 888 eiercitu
892 828 1083 888 accederet:
1106 825 1143 884 id

4 943 5 955 .
66 918 155 968 autem
179 929 215 970 co
240 910 402 982 consilio,
433 911 491 983 ut,
525 931 596 970 eum
613 911 725 970 urbem
746 911 894 971 omnibus
918 909 1141 990 expertibus,

4 1009 6 1039 τ
64 993 308 1074 quemadmodum
334 992 535 1073 descriptum
558 992 833 1077 distributumque
858 1001 959 1068 crat„
976 993 1143 1056 incendis·

64 1083 139 1148 sent,
168 1077 360 1159 caedemque
374 1077 532 1137 infinitam
550 1074 668 1137 civium
685 1077 863 1159 iecissent:
892 1085 1025 1158 praesto
1052 1083 1142 1136 esset

5 1177 7 1204 ν
62 1157 125 1231 ille,
153 1160 263 1242 quiet
287 1161 454 1240 fugientes
477 1161 667 1241 exciperet,
699 1167 732 1220 et
760 1181 794 1222 se
827 1182 899 1220 cum
926 1160 977 1220 bis
1008 1158 1140 1218 urbanis
1247 1234 1251 1243 Δ

6 1285 7 1288 ,
63 1241 180 1302 ducibus
200 1243 422 1324 coniungeret.
465 1243 655 1305 Introducti
672 1251 779 1303 autem
795 1243 896 1316 Galli,
916 1242 1140 1304 iusiurandum
1171 1239 1195 1294 9

61 1324 113 1384 sibi
138 1334 168 1386 et
194 1324 309 1394 literas
330 1350 347 1387 a
365 1325 406 1384 P.
425 1319 588 1406 Lentulo,
620 1325 788 1406 Cethego,
821 1326 954 1387 Statilio
986 1327 1027 1384 ad
1053 1347 1142 1386 suam
1242 1335 1244 1347 '

4 1453 7 1457 »
61 1416 170 1486 gentem
191 1410 284 1469 datas
314 1430 386 1468 esse
416 1409 590 1470 dixerunt:
622 1417 719 1494 atque
750 1409 797 1470 ita
825 1410 890 1470 sibi
916 1409 955 1469 ab
984 1408 1034 1470 bis
1063 1417 1096 1468 et
1123 1430 1142 1467 a
1172 1473 1175 1479 ,

5 1510 7 1538 n
60 1490 89 1553 ln
106 1491 212 1552 Cassio
233 1514 306 1552 esse
327 1492 576 1574 praescriptum,
598 1501 634 1552 ut
654 1493 831 1575 equitatum
849 1493 884 1553 in
901 1490 1031 1552 Italiam
1048 1513 1142 1574 quam

4 1593 6 1604 ¹
60 1575 173 1652 primum
203 1576 391 1635 mitterent:
432 1578 602 1657 pedestres
634 1576 698 1635 sibi
727 1577 837 1656 copias
865 1598 930 1636 nou
957 1576 1141 1636 destitutas:

6 1677 9 1706 1
60 1657 217 1746 Lentulum
234 1666 343 1718 autem
365 1659 429 1719 sibi
455 1659 661 1719 confirmasse
684 1680 725 1719 ex
752 1659 829 1734 fatis
851 1659 1024 1742 Sibyllinis
1039 1658 1141 1718 'baru-
1183 1737 1193 1746 ,

4 1844 7 1875 ³
101 1865 126 1934 l)
142 1866 198 1918 sine
217 1839 329 1920 timore.
366 1865 398 1941 β)
416 1866 485 1928 ille,
505 1884 566 1920 eum
582 1895 613 1907 -
630 1872 801 1934 reomensi,
822 1827 899 1919 dixit.

68 2001 369 2017 -—·--k——-—=-

235 2073 238 2078 ,
296 2065 302 2074 ι
374 2059 384 2092 q
950 2063 951 2068 ¹
999 2075 1006 2089 Ἄ

4 2095 5 2102 ³
63 2099 148 2166 ipram
173 2120 201 2152 es
226 2101 389 2171 disciplinae
413 2101 661 2169 consuetudinisque
679 2107 804 2161 nestrae,
832 2107 862 2150 ut
875 2099 944 2152 lcuec
963 2104 1086 2152 nescias?
1108 2131 1138 2142 -

4 2184 8 2191 ’
59 2167 273 2242 llor‘receptum
298 2180 340 2224 est
362 2186 400 2230 ,ex
424 2173 494 2240 Teg.
519 2174 588 2225 Bar.
616 2174 715 2223 Franc.
742 2175 771 2223 et
794 2172 955 2222 melioribus
975 2173 1056 2223 Parr.
1082 2176 1141 2224 sine

57 2249 122 2300 uictu,
146 2245 286 2312 probante
307 2244 447 2310 Gremio,
474 2261 508 2295 ue
527 2245 621 2295 timore
639 2245 667 2294 iu
685 2242 740 2294 iarn
758 2245 854 2311 paucis
873 2244 967 2295 serbis
985 2235 1139 2312 repetatur'.

16 2332 19 2341 ·
55 2324 56 2328 ’
98 2312 156 2362 Turn
172 2315 221 2364 ille
240 2315 323 2365 dixit.
359 2315 405 2366 Ita
431 2332 523 2366 ornnes
551 2323 669 2384 quatuor
694 2315 780 2366 Bavv.
808 2313 889 2364 Parr.
916 2315 1002 2365 Borb.
1023 2297 1140 2368 (iraevii

56 2387 77 2430 et
92 2381 203 2436 Gruteri
223 2387 352 2444 codices,
379 2386 426 2454 qui
442 2393 535 2435 tamen
555 2405 615 2436 cum
635 2385 793 2435 Garatonii:
807 2385 923 2436 verbum
943 2385 1032 2444 dixit,
1056 2405 1139 2454 saepe
1183 2430 1187 2439 .

53 2469 183 2521 perperam
202 2457 327 2506 additum
346 2457 374 2505 in
400 2456 534 2506 similibus
559 2454 782 2516 narrationibus,
810 2456 1002 2507 eliminandum
1029 2463 1139 2519 censet}

4 2525 5 2554 l
52 2529 200 2590 praesertim
220 2546 283 2578 cum
303 2528 407 2578 Mureti
426 2527 515 2577 liber:
556 2526 620 2576 Tum
639 2527 701 2585 iile,
716 2535 785 2576 'cuns
802 2531 836 2566 '-
865 2529 957 2578 timore
981 2531 1138 2598 recepisset,

4 2607 6 2610 ·
49 2593 109 2646 dixit
124 2616 189 2664 prae
210 2617 241 2649 se
261 2599 343 2648 ferat.
364 2627 396 2638 -
415 2616 446 2648 se
462 2604 623 2655 recreasset,
648 2597 675 2648 b.
696 2617 718 2664 e.
739 2617 767 2649 se
788 2599 963 2665 collegisset,
984 2599 1139 2650 confirmas·

48 2672 90 2715 set.
122 2669 205 2720 Verr.
225 2669 257 2717 V
276 2667 332 2720 692
370 2669 550 2733 Posteaquam
575 2670 625 2718 iste
646 2671 764 2719 recreari
782 2675 809 2718 et
826 2669 979 2738 coinfirmari
997 2665 1138 2720 uisus'est.
1194 2698 1199 2708 ·

47 2735 141 2788 1190:
177 2741 267 2790 Homo
286 2767 320 2787 e-
338 2737 412 2806 furtc
431 2737 572 2806 manifisto
588 2741 762 2807 perturbatus
781 2746 828 2789 est.
852 2739 902 2789 Ubi
921 2739 1072 2810 recollepit
1088 2749 1128 2791 etc

47 2804 118 2859 Tuse.
135 2811 152 2859 Ι
170 2811 228 2862 ull:
267 2809 380 2860 Animus
401 2839 432 2848 -
452 2827 509 2859 curn
524 2828 554 2858 se
574 2810 682 2878 colieqit
701 2819 781 2876 atque
800 2813 940 2860 recreavit.
1083 2861 1086 2867 ,

90 2878 202 2932 annilius
231 2900 267 2932 cx
291 2882 424 2949 partibus.
463 2880 580 2932 Sallust.
609 2880 672 2931 cat.
700 2881 760 2931 45:
794 2880 1052 2944 Rornaeqlrentulns
1080 2899 1139 2930 cunr

46 2952 146 3010 ceteris,
165 2954 212 3019 qui
231 2953 366 3022 principes
386 2949 579 3021 conjurationis
597 2958 690 3008 erant,
712 2981 742 2991 —-
763 2953 972 3002 constituerunt:
997 2949 1138 3013 Statilius,

47 3015 165 3072 Gabinius
191 3026 233 3073 uti
252 3031 316 3072 brim
341 3039 437 3092 maqnn
462 3040 540 3071 uranu
564 3023 701 3072 duodecim
719 3023 797 3072 simul
817 3030 964 3090 opportuna
983 3022 1044 3070 locu
1062 3023 1138 3072 urbis
1165 3033 1168 3037 “

45 3089 209 3144 incenderent.
247 3095 289 3144 At
308 3093 473 3144 Plutarchus
491 3097 519 3144 in
540 3093 601 3152 Cic.
623 3092 677 3144 18:
715 3091 809 3147 Οὐδὲν
829 3089 882 3148 οὖν
905 3095 1013 3148 ἐπενόει
1033 3099 1137 3166 μικρὸν

46 3161 217 3232 ὁΛεντλος,
250 3163 269 3229 sl
287 3162 422 3236 ἄσημον,
450 3163 517 3219 ἀλλ’
545 3163 892 3230 ε’δέδοναο,τήν“βουλὴν
912 3160 1035 3216 ἅπασαν
1052 3165 1135 3215 ἀναι-

45 3242 112 3303 ρεῖν,
131 3243 189 3290 τῶν
208 3236 235 3289 τ’
256 3233 361 3290 ἀλλον
377 3235 521 3307 πολιτῶν,
542 3234 629 3298 ὅσους
649 3231 794 3303 δύναιτο,
814 3235 868 3296 τὴν
888 3233 974 3288 πόλον
994 3233 1019 3286 δ’
1040 3230 1156 3296 αὐτὴν

44 3306 300 3380 καταπιμπράναι,-
328 3303 484 3414 petiisset
502 3323 532 3358 τε
553 3302 695 3376 μηδενὸς,
724 3300 742 3366 ολ
767 3307 825 3358 τῶν
845 3305 1007 3374 Πομπηΐου
1029 3307 1137 3357 τέκνων
1166 3314 1170 3318 ’
1244 3335 1250 3348 =

45 3398 70 3408 -
95 3371 205 3448 ἀνδρας
225 3373 263 3430 -δὲ
289 3376 432 3444 τάξαντες
458 3372 582 3446 ἕκατον,
610 3378 662 3426 καὶ
688 3377 758 3445 μέρη
785 3379 922 3428 τοσαῦτα
941 3379 991 3439 τῆς
1009 3374 1136 3444 Ῥώμης,
1172 3428 1174 3438 ,
1213 3403 1217 3410 »
1297 3415 1300 3422 ,

43 3437 155 3498 inseror
167 3447 219 3512 ’ἐφ’
236 3443 357 3517 ἑκάστῳ,
378 3443 589 3570 derelinquetur,
606 3449 644 3510 ὡς
661 3441 698 3498 δι’
715 3443 832 3516 ὀλίγον,
850 3443 1135 3520 nudiusquartus,

44 3507 172 3580 φλέγοιτο
192 3517 389 3584 πανταχόθεν
407 3518 425 3579 ἡ
445 3517 481 3570 πό
505 3534 536 3581 ις.
632 3522 643 3548 ’

83 3582 217 3654 fugientes
237 3587 378 3653 exciperet.
415 3603 440 3638 v.
459 3593 516 3636 not.
536 3584 572 3634 ad
590 3601 677 3651 or.‚p.
698 3583 728 3632 S.
749 3582 851 3634 Roscio
872 3585 895 3652 §.
917 3583 984 3634 151.

86 3654 108 3720 ξ.
126 3654 155 3705 s.
193 3655 229 3706 L.
249 3654 359 3706 Cassius
379 3657 532 3727 Lonqircus:
561 3655 693 3704 senatorii
712 3653 833 3713 ordinis,
863 3657 895 3706 de
923 3672 975 3720 quo
995 3654 1135 3703 Asconius

40 3719 64 3770 iu
80 3733 241 3792 argumento
261 3745 302 3777 or.
323 3727 384 3778 (lic.
398 3729 431 3777 iu
450 3733 517 3792 toga
536 3727 652 3776 candida
669 3725 737 3774 baec
758 3727 862 3776 refert:
899 3722 955 3786 Sex
982 3727 1134 3792 corriperen-

40 3809 76 3841 res
94 3794 295 3846 inconsolatus
310 3800 440 3866 petitione
460 3795 560 3866 Cicero=
573 3797 684 3855 babuit3
713 3794 778 3845 duos
794 3797 945 3864 patritios,¹
960 3825 992 3833 -
1018 3802 1135 3861 quantuor

37 3863 165 3928 plebeios,
194 3869 342 3933 exquibus
362 3869 413 3919 duo
433 3868 552 3925 stabiles,
581 3865 610 3934 C.
629 3867 793 3924 Antonium,
822 3867 860 3916 M.
881 3866 997 3916 Antonii
1016 3869 1133 3917 cratoris

37 3931 132 4001 filiurn,
152 3937 185 3988 L.
209 3937 331 3989 Cassium
349 3939 506 4010 Lorcpinurn.
543 3955 567 3990 r.
588 3939 659 3988 Sall.
680 3935 743 3988 cac.
766 3937 803 3988 17
823 3946 850 3989 et
869 3935 918 3986 44.

86 4025 118 4055 ex
136 4008 222 4077 fatis,
249 4009 275 4060 b.
296 4029 320 4061 e.
341 4028 373 4060 ex
393 4011 525 4060 fatalibus
544 4009 642 4066 libris,
664 4027 696 4058 ex
716 4007 862 4075 Sibyllinis
888 4007 1131 4058 vaticinationibus

40 4073 83 4125 sic
100 4076 306 4130 Liv'iussxxll
324 4077 381 4132 57:
417 4081 529 4130 Interim
556 4099 589 4130 ex
615 4079 747 4147 fatalibus
775 4079 852 4128 libris
871 4079 1007 4148 sacrificia
1027 4078 1132 4143 aliquot
1219 4133 1226 4154 (

40 4150 254 4200 exnaordinarta
271 4151 355 4218 sacta.
393 4159 421 4202 et
439 4152 466 4201 V
488 4150 525 4202 itt
545 4157 632 4202 exin:
668 4149 714 4199 Sic
734 4148 812 4200 libris
829 4147 978 4214 fatalibus,
1010 4151 1049 4198 sie
1077 4147 1131 4196 dis·

39 4217 133 4282 eiplina
152 4221 270 4272 Etrusca
290 4223 418 4285 tradition
442 4240 506 4272 esse.
545 4221 606 4272 Cic.
634 4221 667 4271 de
686 4220 751 4269 Nat.
771 4221 806 4268 l).
826 4209 1002 4270 115'cxtr.:
1039 4217 1131 4267 Multa

40 4304 69 4334 es
87 4288 232 4357 sybillinis
250 4295 505 4350 vaticinationibus,
534 4294 618 4342 nullia
637 4311 670 4341 ex
685 4291 855 4356 lcaruspicrun
873 4287 1130 4358 responsis-comme-

40 4375 135 4409 narare
151 4379 267 4430 possum.
304 4365 386 4415 Libri
404 4363 528 4415 melioris
546 4370 646 4422 notae,
667 4363 736 4429 Tcg.
757 4361 870 4423 Sabus.
889 4380 932 4430 pr.
952 4361 1032 4410 Parr.
1054 4358 1080 4408 l.
1101 4358 1129 4408 8.

41 4435 93 4481 tres
112 4431 234 4486 Grutcri
250 4432 278 4489 et
297 4436 413 4489 Graevii
432 4435 535 4506 primus
554 4434 705 4504 praebent:
732 4430 830 4501 litatis,
858 4434 928 4484 unde
947 4429 1131 4498 ᾹνώὶθΡοβῑ
