2766 5018
280 317 365 399 Mo
652 316 980 377 oncoso

281 485 401 568 igitur,
431 481 589 563 Tubero,
621 485 709 572 quod
735 493 787 549 est
817 482 1000 547 accusatori
1019 483 1153 546 mutue
1173 484 1315 568 optmdm,

283 569 491 632 confitentem
509 591 610 644 reum,
632 571 692 632 scd
706 577 813 630 tumen
828 566 921 652 [boc]
940 565 1145 628 confitentem
1154 565 1192 650 ¹),
1212 589 1241 630 se
1257 567 1282 628 in
1295 589 1317 628 u

283 660 377 734 parte
407 652 527 725 luisse,
569 673 631 735 qus
663 660 716 726 tc,
750 651 901 723 Tubero,
934 670 997 732 qus
1025 649 1127 712 virum
1156 651 1233 712 omui
1255 650 1317 710 laude

284 735 435 815 dignum,
469 743 592 814 putrem
625 743 722 796 tuum.
771 734 882 816 itaque
914 733 1004 814 psius
1037 731 1077 792 de
1107 741 1211 792 vestro
1237 733 1317 792 delicto

284 815 500 878 confiteamini
535 838 669 880 neccsse
708 825 779 890 est,
819 837 913 900 quom
948 814 1071 895 Ligarii
1105 814 1200 876 ullam
1235 815 1319 896 culpan

281 899 540 981 reprehendetis.
1180 911 1182 917 ’

365 983 404 1058 Q:
436 983 521 1043 enim
552 981 726 1062 Ligarius,
756 1003 827 1042 cnm
859 987 946 1042 esset
978 978 1068 1040 nulla
1098 979 1180 1041 belli
1199 979 1319 1060 suspicio,

282 1063 409 1146 legatus
438 1065 477 1139 in·
503 1064 646 1126 Africam
675 1085 747 1126 cum
773 1063 812 1123 G.
835 1063 994 1125 Considio
1016 1063 1182 1143 proiectus
1204 1071 1262 1122 ests
1286 1083 1321 1144 qn

282 1148 318 1210 in
338 1147 500 1226 legatione
530 1156 563 1208 et
592 1146 716 1208 civibus
750 1153 783 1207 et
813 1146 911 1206 sociis
933 1147 980 1208 its
1002 1165 1037 1206 se
1058 1145 1223 1228 probavit,
1248 1145 1320 1206 utds·

283 1230 402 1292 cedens
442 1230 617 1292 Considius
656 1229 843 1311 provincia¹
863 1229 1052 1293 satisfacere
1092 1225 1263 1290 hominibus
1285 1247 1321 1286 m

281 1320 407 1396 posset,
430 1313 459 1373 si
476 1334 665 1397 quemquam
681 1311 778 1373 sliam
795 1313 982 1394 provinciae
997 1312 1219 1394 praefecisset.
1246 1310 1321 1391 ltsqn

337 1523 366 1593 l)
384 1525 425 1576 in
443 1513 633 1576 confitentem.¹

283 1705 394 1759 lecterius
408 1701 493 1758 tumen
505 1691 580 1758 ¹etest
593 1705 642 1760 boe
656 1708 790 1778 prooemio
800 1708 963 1760 necessarius
978 1724 1069 1760 sensus
1083 1708 1193 1775 aliquis,
1210 1705 1323 1759 ctisasrin

281 1777 315 1850 fit
329 1785 409 1844 utque
425 1778 602 1828 veliementior
613 1778 649 1830 nd
658 1796 797 1847 personum
812 1779 926 1832 directus
941 1778 1062 1830 ulterius.
1082 1807 1114 1818 -·
1133 1779 1171 1828 lit
1184 1777 1322 1830 Demostlseus

283 1845 319 1898 asi
332 1847 497 1916 Acscbpueus
509 1841 654 1900 orationem
670 1851 698 1902 in
714 1850 845 1918 prooemio
860 1851 1005 1907 convertit,
1024 1856 1051 1898 ct
1067 1849 1106 1900 dl.
1125 1849 1227 1900 Tullius
1239 1867 1262 1916 p.
1274 1845 1323 1914 ssp-

282 1920 324 1971 rio
342 1917 378 1970 ud
396 1918 571 1980 Tuberonem,⁸
603 1928 743 1971 numerat
765 1919 845 1969 multo
857 1918 951 1986 futtern
967 1919 1137 1989 lonpuidior,
1163 1920 1188 1969 si
1204 1935 1261 1969 esses
1275 1916 1323 1966 clito

279 1989 414 2062 fipurata,
441 1990 511 2056 quod
522 1988 632 2058 [acilius
648 1998 799 2058 copnoscet,
824 1991 847 2040 si
861 1989 1009 2055 quirillum
1024 1996 1106 2040 totam
1117 1997 1220 2058 partem
1233 1987 1322 2038 celeres·

282 2061 424 2116 tissimum,
443 2060 516 2130 cujus
532 2059 596 2110 baec
610 2060 697 2128 fornia
714 2067 767 2112 est:
792 2057 911 2110 Habes
933 2061 1048 2129 ipitur
1063 2087 1094 2098 —
1118 2057 1323 2128 optandum

282 2139 370 2182 cetero
388 2137 524 2180 concertat
541 2129 712 2200 adjudicent.
752 2130 816 2180 Turn
833 2131 899 2180 enirn
917 2129 1071 2200 larspuescut
1087 2131 1129 2180 cis
1153 2131 1248 2187 omnis,
1270 2125 1323 2175 dicer·

282 2203 352 2252 tibus
372 2201 465 2258 nolis,
492 2200 641 2250 Hubeti
672 2202 753 2252 ituri
790 2198 845 2249 Illo
869 2201 935 2249 enim
952 2199 1026 2250 modo
1038 2203 1139 2268 pressit
1156 2193 1324 2266 atqueinstitib

282 2269 331 2322 lsoc
348 2277 448 2320 tontum
464 2270 615 2320 indicasset.
645 2218 727 2320 idem
741 2271 786 2322 lx
804 2269 843 2330 ἓν
861 2268 915 2320 512
954 2270 1015 2319 Non
1032 2271 1127 2339 procul
1151 2273 1243 2322 absunt
1259 2263 1324 2316 alin

281 2339 449 2390 simulatione
468 2357 509 2390 res
526 2341 595 2390 iuter
609 2357 637 2390 sc
651 2339 767 2399 similes,
795 2337 931 2407 Confessio
946 2341 1016 2390 nibil
1030 2343 1169 2400 nocitura,
1200 2337 1276 2406 qualis
1292 2337 1325 2382 est:

282 2409 403 2460 Habes
434 2411 552 2476 ipitnr
578 2438 610 2450 ·-
637 2427 746 2469 reum,
781 2419 808 2462 ct
831 2409 979 2463 Concessio.
999 2439 1027 2450 ·-
1062 2411 1149 2462 Arch.
1177 2409 1266 2461 Goion.
1288 2400 1325 2453 Ed·

281 2480 354 2530 Ven.
383 2477 461 2532 stis
487 2479 535 2530 boc
560 2480 736 2552 confitentem,
759 2482 833 2548 quod
855 2482 961 2548 recepit
980 2479 1115 2532 Graevius
1134 2483 1163 2531 iu
1185 2483 1265 2530 locum
1280 2473 1324 2537 iulg·

281 2551 323 2602 itu
339 2549 425 2670 magt.
445 2551 517 2618 quod
534 2551 610 2602 nullu
625 2552 704 2602 codd.
722 2553 885 2604 auctoritate
900 2551 1041 2612 firmatur;
1061 2569 1176 2618 namque
1190 2549 1267 2602 ceteri
1277 2545 1325 2593 Pur·

282 2621 351 2671 Bas.
407 2637 448 2670 xx.
475 2620 535 2672 edd.
562 2621 640 2672 Rom.
666 2621 736 2672 Ven.
765 2620 852 2676 1499.
889 2621 990 2688 aliique
1016 2622 1081 2671 libri
1100 2623 1234 2689 praebent
1252 2617 1289 2667 icc
1304 2613 1325 2661 its

281 2689 453 2761 confitentem.
489 2689 641 2758 Utrumque
659 2693 821 2743 vocobulum
837 2712 852 2743 e
867 2692 1019 2758 glossatore
1033 2694 1165 2744 inscrtum
1182 2691 1285 2744 videtur.

339 2759 445 2826 Itaque„
481 2759 577 2828 Quint.
593 2759 669 2813 VIII
684 2761 718 2821 ὅ,
740 2762 777 2812 15
794 2763 827 2814 de
848 2761 1060 2830 enthymemate:
1088 2762 1207 2813 Vocatur
1222 2751 1325 2831 aliquid

283 2829 422 2889 clausula,
449 2831 625 2896 quessiset,
652 2832 995 2898 qnodconclusionem
1012 2833 1139 2891 dicimis,
1169 2827 1325 2898 qautenus

280 2903 403 2972 partibus
418 2903 567 2952 necessaria
585 2909 639 2961 cst,
667 2901 803 2963 Quare,
821 2904 927 2970 prius
945 2903 982 2953 dc
1001 2911 1116 2954 cestro
1139 2901 1237 2970 facto
1251 2897 1325 2966 fam·

284 2973 365 3023 mini
389 2990 459 3024 nec.
486 2979 555 3030 cst,
583 2989 680 3038 qsnons
698 2971 768 3042 Liq.
788 2973 928 3041 colpum
949 2973 1061 3023 ullum
1078 2963 1325 3042 reprebendens·

283 3041 318 3094 In
334 3043 425 3094 verbis
442 3043 568 3110 snbseqq.
585 3041 672 3098 Arch.
690 3042 753 3093 col.
773 3043 834 3094 Eri.
858 3043 937 3092 Pnrr.
954 3043 981 3094 il.
996 3041 1024 3094 t.
1044 3043 1090 3094 ll.
1109 3043 1184 3096 02¹.
1202 3040 1255 3092 Pal.
1271 3043 1325 3110 ΜΨ

285 3131 344 3165 enm
361 3113 449 3164 tribus
467 3114 542 3172 aliis,
564 3115 680 3180 quinque
705 3111 857 3164 Guiliclmii
881 3113 975 3172 libris,
1001 3121 1054 3166 vet.
1072 3113 1168 3164 Sebol.
1185 3119 1211 3165 et
1229 3100 1324 3178 nonnulli

286 3183 365 3234 codd.
384 3181 477 3248 Quint.
494 3184 538 3233 xl
555 3181 589 3241 5,
610 3183 796 3243 rossus,
817 3181 875 3234 109
895 3183 1022 3234 exhibent
1040 3183 1155 3245 Quintus
1173 3183 1248 3240 enims
1271 3179 1324 3227 ttlffl

286 3269 345 3304 eum
360 3252 421 3304 cdd.
437 3253 515 3303 llom.
528 3254 617 3304 Veun.
629 3253 742 3316 Quintus
758 3255 859 3322 ipitur3
878 3261 989 3320 praeter
1003 3254 1065 3304 Par.
1081 3252 1127 3304 10.
1146 3256 1192 3322 qui
1204 3244 1324 3321 particula!

285 3323 395 3373 omittit.
431 3323 503 3374 Sane
530 3328 565 3379 τὸ
591 3324 673 3394 ipitur
698 3326 805 3391 saepius
827 3323 978 3374 narrationi
993 3323 1165 3390 incipiendae
1182 3319 1291 3372 inservit:
1307 3313 1325 3358 tl

285 3394 319 3444 de
334 3391 421 3460 chg.
436 3391 497 3443 16:
525 3392 614 3462 Ipitur
626 3394 784 3444 doctissimis
800 3394 867 3445 uiris
880 3392 1014 3463 proficisci
1030 3393 1132 3461 placuit
1150 3394 1242 3462 nispe.
1272 3385 1323 3435 Tvl-

283 3463 317 3516 11
338 3463 392 3514 lle
427 3461 503 3512 Inter
518 3481 602 3512 ornrres
616 3465 700 3533 igitur
715 3464 763 3513 boc
779 3469 889 3512 constat.
926 3463 992 3514 Mox
1007 3463 1141 3514 omittitur
1156 3471 1191 3520 τὸ
1205 3461 1277 3513 adiu
1287 3452 1324 3534 {⁰⁵}

284 3540 351 3586 esset
365 3535 392 3584 in
409 3532 472 3582 Par.
490 3532 535 3585 ll.
553 3533 615 3583 Eri.
634 3532 696 3585 Col.
715 3534 814 3586 Brcsd.
832 3531 905 3584 le.
924 3540 951 3584 et
966 3535 994 3583 in
1010 3534 1136 3600 pluribus
1155 3534 1243 3601 Quint.
1258 3525 1323 3600 eodm

283 3604 345 3655 bus.
369 3604 539 3655 Deleveruut
556 3602 657 3656 Graes.
676 3611 704 3655 ct
718 3604 828 3655 Ernest.
847 3605 892 3672 qui
906 3622 922 3654 u
939 3605 1055 3654 librsrio
1075 3605 1265 3671 gcrmnnizuotc
1277 3591 1316 3644 {dl

284 3681 342 3725 tum
358 3680 445 3742 putat.
483 3674 541 3726 Sed
559 3675 652 3725 decem
668 3673 746 3724 Parr.
767 3674 840 3726 051.
858 3675 942 3726 anv.
960 3675 1021 3725 edd.
1037 3673 1116 3724 Rom.
1131 3675 1217 3725 Vcnu.
1234 3663 1322 3723 restant

284 3743 369 3796 Volet
387 3752 475 3796 nutem
494 3753 528 3800 τὸ
546 3743 630 3796 adbuc
646 3745 691 3796 vel
709 3743 841 3810 usquead
858 3744 906 3794 boc
925 3751 1033 3813 tempus,
1052 3745 1097 3796 vel
1111 3763 1192 3810 nsque
1207 3741 1239 3792 sni
1252 3737 1274 3788 id
1286 3742 1322 3782 ἰεῦ·

280 3831 341 3885 pus.
374 3815 448 3864 Fam.
466 3814 512 3864 lx
531 3814 582 3865 1⁷2
609 3813 684 3864 Illud
702 3815 859 3873 adscribam·
878 3834 917 3864 me
933 3815 975 3864 lsis
992 3816 1148 3882 temporibus
1165 3814 1242 3864 adduc
1257 3803 1321 3876 delli?

280 3883 401 3954 periculo
418 3885 487 3938 nilsil
505 3885 617 3936 audisse.
653 3885 697 3934 vl
716 3884 755 3936 14
772 3885 827 3954 [nd
844 3881 972 3953 Lignr.]:
1000 3885 1054 3934 Pro
1070 3893 1104 3942 te,
1120 3887 1190 3935 sicut
1204 3869 1322 3939 adiuvisti

284 3955 454 4006 libentissime
469 3955 630 4024 supplicabo.
660 3955 714 4008 13:
740 3955 824 4006 adbuc
839 3955 868 4008 tal
881 3973 934 4006 non
948 3955 1071 4024 secururs.
1091 3956 1124 4006 de
1139 3957 1214 4007 Finn.
1227 3947 1278 4004 Ἴθι
1290 3935 1321 3990 ¹⁶²

284 4023 338 4074 Ille
357 4024 545 4093 [Antiochus]
571 4027 654 4097 ipitur
668 4025 754 4084 cidit,
780 4044 833 4076 non
856 4027 930 4077 modo
948 4034 1010 4092 quot
1025 4024 1138 4093 [scissent
1152 4012 1321 4090 adinoplll⁰⁵''

281 4095 393 4166 pisorum
408 4095 550 4145 desummo
568 4098 652 4156 bono,
670 4096 716 4147 sed
732 4104 795 4162 quot
810 4098 911 4147 omnino
927 4114 982 4146 esse
999 4103 1104 4164 possent
1121 4095 1259 4147 sententias·

338 4183 394 4216 cnm
411 4163 441 4216 C.
458 4164 591 4222 Considio.
626 4167 672 4217 Ita
688 4173 764 4218 recte
783 4167 847 4217 Pur.
865 4168 911 4220 ll.
928 4169 995 4220 Bur.
1011 4166 1074 4216 Eri.
1096 4173 1167 4220 teste
1181 4160 1270 4214 tvans.
1282 4143 1320 4201 0⁰¹·

285 4235 385 4286 Itresd.
404 4235 478 4288 otx.
489 4236 561 4290 Pali.
578 4243 605 4288 et
624 4237 740 4304 Quintil.
757 4237 802 4288 lv
818 4237 855 4296 il,
877 4236 944 4289 109.
979 4238 1064 4288 Ante·
1077 4237 1221 4290 Gruterum
1234 4223 1319 4281 meritse

215 4383 219 4398 α
286 4307 450 4378 vulgabatur
476 4325 532 4358 esem
554 4308 710 4376 proconsule
738 4305 768 4360 C.
798 4305 878 4362 Coss.
898 4307 972 4379 quod
988 4325 1022 4361 ex
1038 4295 1318 4378 depravationis*
