2766 5026
295 337 387 428 nno
407 371 441 427 r.
459 371 609 450 narro
627 369 821 428 nrrn‘onn.
1026 367 1110 449 505
1218 381 1222 388 ’

37 565 116 628 quam
141 562 201 602 nee
225 539 355 615 tacitis,
387 562 449 602 nec
477 535 646 614 occultis?
682 541 821 619 Quando
852 540 936 602 enine
958 541 1111 624 frequen-

35 627 145 688 tissimo
178 617 292 686 senbtu
314 634 471 707 quatuor,
501 626 592 704 aut¹)
616 647 770 685 summum
793 626 935 709 quinque
959 633 1033 684 sunt
1060 625 1110 684 in*
1181 679 1184 686 ,

35 710 127 781 renti,
163 708 217 790 qui
250 707 549 784 Milonis13=eeusam
589 731 654 769 non
685 709 888 789 probarent?
930 707 1109 768 Declarant

35 792 114 852 huius
135 789 272 850 ambusti
294 791 418 850 tiibuni
438 791 544 876 plebis
567 791 644 852 illae
666 791 898 852 intermortuae
921 791 1109 863 conciones,

36 875 133 956 quibus
163 873 310 956 quotidie
338 896 439 935 meam
465 876 644 955 potentiam
671 875 833 934 invidiose
854 873 1121 945 criminabatur,

36 980 93 1018 cum
113 957 255 1029 diceret,
282 965 451 1028 senatum,
474 980 539 1018 non
561 958 649 1041 quod
672 957 832 1031 sentiret,
853 958 915 1026 sed
939 957 1026 1039 quod
1048 977 1107 1035 ego

35 1041 152 1114 vellem,
183 1040 372 1102 decernere.
423 1041 515 1118 Quae
547 1038 677 1126 quidem
705 1040 902 1122 sipotentia
924 1047 975 1100 est
998 1038 1109 1119 appel-

76 1228 101 1295 l)
119 1229 153 1280 ad
168 1245 307 1280 summum.
385 1261 400 1272 .-

74 1429 114 1471 aat
136 1429 271 1472 sumnam.
308 1422 360 1473 Sic'
377 1420 487 1472 Erfurt.
512 1419 581 1490 Lag.
607 1420 645 1474 18
666 1437 701 1474 m.
726 1439 780 1474 sec.
806 1428 833 1474 et
855 1421 990 1493 Arabicp.
1016 1440 1110 1492 super:

5 1527 6 1532 ,
36 1493 119 1560 scripta
143 1499 233 1543 tamen
257 1509 325 1544 voce
347 1493 400 1552 ad3
428 1493 456 1541 in
472 1491 552 1542 Parr.
570 1491 596 1544 8.
613 1492 632 1544 9
648 1493 733 1544 Barb.
749 1511 792 1562 pr.
813 1493 887 1544 oex.
904 1502 1008 1562 septem
1021 1494 1110 1561 Lagg.

37 1564 66 1615 ed
81 1564 152 1614 Rom.
168 1564 277 1630 legitur·
288 1569 335 1612 aut
351 1563 387 1613 ad
405 1580 535 1620 sarnanum,
554 1564 582 1612 in
598 1565 666 1614 Bav.
684 1582 737 1615 sec.
754 1565 839 1618 Tarte.
854 1584 898 1633 pr.
913 1572 961 1615 aut
977 1566 1109 1632 quinqua

36 1634 128 1684 incett
150 1650 216 1686 vero
246 1635 327 1685 codd.
350 1635 413 1684 edd.
438 1633 527 1683 Venn.
548 1651 624 1700 seqq.
649 1634 686 1684 ad
709 1653 851 1692 summum,
880 1637 954 1703 quod
969 1636 1027 1705 jam
1047 1636 1110 1686 Iac.

5 1705 8 1711 ’
38 1702 156 1755 Gronovio
174 1723 189 1754 a
205 1703 338 1754 Tulliana
354 1703 505 1755 Latinitate
517 1721 631 1773 prorsus
648 1704 800 1756 abliorrere
817 1706 903 1757 visum
922 1712 972 1756 est.
1011 1705 1111 1756 Garat.

38 1773 111 1825 laudat
131 1793 157 1844 p.
180 1773 299 1841 Quintio
319 1773 367 1825 25.
388 1765 487 1826 '‘verr.
507 1773 744 1826 1152111187.
773 1777 809 1826 ad
823 1777 885 1827 Att.
903 1775 983 1826 XIII
1001 1769 1050 1827 Ἠ.
1076 1776 1112 1826 ad
1162 1837 1164 1840 Ι

40 1843 131 1894 Ian.V
148 1843 195 1894 il.
216 1859 243 1896 v.
261 1845 335 1895 inira
350 1845 373 1912 ᾗ.
392 1844 432 1895 26
447 1851 516 1896 extr.
602 1860 604 1868 ’
663 1907 665 1912 Ι
1017 1889 1021 1898 ,

77 1913 211 1966 lleelaraat
225 1915 316 1984 baq‘us.
355 1915 410 1966 Pro
423 1915 502 1984 hirjats
517 1915 621 1981 legitur
635 1913 684 1964 boe
698 1915 726 1962 in
740 1914 829 1966 Venn.
848 1913 936 1965 itte.
952 1913 1032 1966 1499
1044 1921 1112 1966 text.

45 1979 186 2036 dermannus
207 1987 376 2056 conjiciebat
401 1985 541 2036 declarant
562 1985 593 2035 td
615 1983 670 2054 luq'.
708 1984 905 2036 Sed'nerbum
930 1984 981 2036 boe
1005 1987 1113 2056 saepius

48 2053 139 2107 absolute
156 2057 234 2125 poni,
256 2057 350 2108 domuit
367 2056 464 2107 Garat.
482 2073 641 2125 comparans
652 2054 724 2105 Phil.
736 2053 830 2110 wls:
867 2055 929 2104 Non
947 2057 1015 2105 enim
1033 2059 1113 2105 omni·

48 2123 169 2177 tmdnllae
188 2143 273 2177 eausa
289 2134 386 2196 prata:
413 2126 536 2178 declarat
558 2125 700 2177 multitado
723 2128 940 2194 proscriptorum.
977 2125 1040 2174 XII
1057 2126 1113 2176 102

46 2193 103 2244 Nem
112 2215 147 2247 me
160 2198 249 2247 minus
266 2197 392 2256 timidus,
411 2215 484 2247 nemo
500 2199 619 2248 caestor:
638 2199 681 2246 res
696 2196 826 2247 declarat.
846 2175 956 2248 Acadd.
967 2193 1037 2256 116,
1060 2195 1114 2246 16ι

43 2261 168 2318 industriae
183 2269 331 2336 plurimum
351 2269 380 2318 in
397 2265 562 2319 Clitomacho
579 2267 648 2336 finite
675 2267 797 2317 declarat
815 2266 956 2319 multitudo
977 2259 1115 2320 librorum.

42 2350 60 2385 r.
73 2337 138 2390 0rat.
155 2337 205 2390 48.
224 2367 260 2378 -·
376 2342 379 2347 ’
1098 2341 1099 2348 ’

76 2406 143 2478 injur
150 2409 276 2459 ratberti.
296 2407 329 2458 T.
339 2407 477 2458 Munatius
487 2406 606 2458 Plancus
617 2414 644 2460 et
655 2405 690 2476 Q.
700 2408 848 2477 Pompeius
857 2408 948 2460 liuius
962 2405 1068 2461 tribuni
1075 2407 1114 2475 pl.

40 2487 190 2531 cumcontra
207 2479 342 2529 Milonem
361 2479 488 2547 Scipioni
505 2484 533 2529 ct
548 2479 680 2547 Hypsaeo
699 2481 860 2539 studerent,
881 2479 1037 2531 concionati
1054 2484 1117 2529 sunt

37 2564 60 2596 eo
73 2550 122 2616 ipso
145 2557 291 2620 tempore,
318 2548 483 2619 plebemque
502 2549 531 2597 in
544 2548 675 2600 Milonem
693 2553 902 2610 accenderunt,
925 2566 979 2617 quo
999 2556 1117 2618 propter

5 2625 6 2628 ’
37 2615 113 2671 Clodii
129 2639 228 2690 corpus
249 2621 326 2672 curia
343 2618 455 2670 iricensa
474 2625 528 2670 est:
548 2637 598 2670 uec
614 2621 692 2689 prius
711 2622 896 2682 destiterunt,
917 2637 997 2688 quam
1010 2620 1117 2670 flamma

38 2688 80 2755 ejus
94 2692 209 2743 incendii
225 2691 396 2758 fugatisunt
415 2709 428 2742 e
449 2689 588 2741 concione.
627 2697 705 2742 erant
723 2693 794 2743 enlm
812 2700 877 2744 tune
899 2697 992 2742 rostra
1011 2708 1066 2740 non
1083 2708 1115 2741 eo

36 2756 97 2822 leco,
115 2780 164 2830 quo
180 2767 349 2820 euersuri,
369 2761 418 2811 sed
435 2762 642 2820 admonentium,
667 2780 756 2831 prope
770 2765 868 2834 juncta
887 2762 989 2812 curiae.
1022 2762 1112 2820 Asco-

35 2828 86 2880 nius.
111 2849 134 2883 r.
149 2834 268 2900 Argum.
284 2829 341 2900 §.8
360 2839 387 2883 et
402 2830 450 2882 20.
470 2832 543 2880 inira
559 2831 583 2899 ἓ.
600 2830 640 2882 55
656 2839 683 2884 ct
703 2833 752 2885 90.
774 2863 804 2873 -
842 2825 976 2882 umbratus
994 2832 1111 2900 proprie

37 2903 262 2962 esteircamustus·‚·
288 2909 361 2962 tum,
389 2920 468 2969 quem
485 2903 588 2952 fulmen
602 2903 630 2952 in
646 2905 739 2971 alique
751 2911 831 2972 parte
850 2902 976 2971 corporis
995 2902 1110 2960 adussit,

35 2971 90 3020 arde
104 2973 137 3040 Q.
153 2973 258 3024 Fabius
275 2973 423 3033 Eburum,
452 2973 565 3024 fulmine
589 2974 678 3034 ictus,
706 2977 759 3025 toti
775 2974 896 3024 familiae
910 2972 1111 3024 Ambastorum
1141 2979 1145 2986 '

35 3043 1111 3182 {tutti‘¹tit..tilieti.tittjffidttristitie?

35 3177 74 3230 lius
91 3183 198 3235 Paralius
219 3209 251 3222 ·-·
274 3183 443 3236 damnatione
468 3184 587 3256 collegae
606 3192 636 3235 ,et
657 3201 706 3234 aaa
720 3203 804 3254 prope
827 3186 961 3234 ambustus
977 3191 1112 3236 evaserat.

34 3265 53 3300 t.
65 3253 136 3306 Serv.
151 3255 185 3306 ad
202 3257 276 3308 Aen.
293 3255 354 3306 XII
372 3255 432 3307 298
451 3261 479 3308 et
493 3256 605 3306 Festum
623 3257 651 3304 in
669 3271 694 3306 v.
921 3273 924 3280 ’

78 3325 260 3376 intermortuae
277 3317 348 3378 eone.
380 3327 522 3378 'Manutius
546 3337 573 3377 et
593 3324 769 3376 Forcellinus
793 3324 945 3392 explicant:
981 3323 1110 3375 incendio

35 3393 110 3446 curiae
126 3397 308 3465 interruptae,
329 3403 410 3465 atque
427 3399 496 3448 adeo
513 3397 628 3447 fractae.
660 3396 792 3446 Desumta
810 3402 852 3445 est
865 3391 933 3445 haec
949 3395 1111 3463 metaphora

35 3461 60 3510 eb
73 3465 111 3525 iis,
130 3469 175 3535 qui
191 3469 336 3536 repentino
352 3469 448 3519 morbo
465 3469 598 3536 correpti,
618 3468 705 3518 animo
720 3466 898 3532 sensibusque
916 3466 955 3515 ita
969 3465 1109 3524 deficiunt,

34 3538 132 3586 ntunri
149 3538 302 3590 videantur.
338 3537 560 3589 Lir.XXXV11
578 3537 635 3598 55,
657 3537 713 3589 102?
741 3536 959 3600 Qreune'Boeotoa
975 3535 1012 3584 ad
1028 3536 1110 3585 secie-

34 3607 100 3654 tntem
119 3617 232 3670 vestram
248 3609 417 3666 hortaretur,
445 3611 474 3658 in
490 3609 549 3676 ipsa
569 3610 693 3658 concione
711 3610 913 3677 intermortuus,
938 3605 1013 3656 baud
1027 3605 1109 3656 multe

33 3681 81 3736 post
96 3681 250 3747 exspiravit.
285 3679 364 3729 Idem
383 3680 401 3729 l.
417 3671 553 3728 XXXIII
570 3678 589 3728 2
608 3680 641 3729 de
660 3681 772 3732 codem:
808 3677 843 3727 Ire
864 3677 977 3728 coneilio
995 3675 1109 3726 Attalus
1158 3680 1159 3692 ¹

31 3745 116 3807 primus
129 3751 210 3800 verba
222 3749 298 3819 ficit.
336 3748 421 3799 Orsus
439 3768 455 3799 a
472 3749 599 3818 an'orum
613 3766 720 3799 suorum
736 3751 843 3815 suisque
862 3749 890 3804 in
907 3765 1005 3797 omnem
1024 3745 1110 3797 Grae·

34 3814 90 3864 eiam
103 3822 215 3878 meritis,
241 3822 348 3890 sequior
357 3821 418 3889 J'am
434 3829 461 3870 et
482 3819 628 3890 infirmior,
655 3838 734 3887 quam
751 3828 781 3870 ut
796 3819 986 3870 contentionem
1003 3816 1110 3868 dicendi

34 3887 174 3948 sustineret,
202 3893 330 3942 obmutuit
347 3898 373 3939 et
386 3889 509 3942 coracisiit.
546 3891 601 3950 Iit,
627 3890 688 3940 darn
701 3909 787 3962 reqem
802 3888 929 3955 auderunt
939 3894 1019 3957 parte
1035 3907 1109 3938 mem·

36 3951 124 4008 brorum
139 3969 258 4030 captum,
281 3960 433 4030 paullisper
456 3963 546 4012 concio
568 3963 719 4012 interneciem
735 3961 790 4011 est.⁴
820 3959 889 4010 Gur.
907 3960 1002 4010 laudat
1017 3960 1109 4011 Plaut.

36 4020 140 4080 Trinum.
156 4033 172 4081 Ι
189 4033 223 4092 I,
243 4031 279 4082 62
316 4033 370 4082 Hie
385 4033 491 4082 nimium
507 4029 611 4082 morbaes
633 4051 715 4082 mores
732 4032 833 4082 inevasit
850 4031 940 4081 bonos.
968 4027 1014 4078 Ita
1026 4030 1110 4099 pleri·

36 4107 75 4156 tte
86 4115 165 4150 ornnes
174 4103 235 4171 jem
245 4110 307 4153 sant
322 4104 496 4153 intermortui.
514 4149 516 4154 ,
528 4103 583 4152 Sed
597 4103 658 4153 dum
672 4103 717 4152 illi
730 4107 879 4172 aegrotant,
903 4102 1009 4150 interim
1024 4116 1108 4150 mores

36 4166 87 4216 Mil
106 4169 187 4231 Quasi
207 4174 293 4223 berba
310 4174 594 4242 irriqumaeerenere
609 4175 746 4224 uberrime.
784 4171 886 4222 Giein
898 4171 954 4221 Pis.
969 4170 1003 4220 ⁷2
1031 4169 1111 4232 Qrend

37 4243 107 4290 tatem
121 4243 201 4310 majas
217 4245 344 4294 indiciam
361 4244 539 4311 exspectatis,
566 4245 636 4294 raibil
655 4246 724 4294 inter
743 4259 790 4294 vos
812 4249 838 4292 et
859 4239 1007 4292 Catilinam
1028 4243 1109 4290 inter·

37 4299 120 4367 illm,
152 4330 229 4378 quum
252 4313 324 4380 qaod
345 4315 455 4365 eundem
478 4313 556 4366 illam
581 4333 684 4370 meeum
704 4331 738 4363 ex
762 4315 943 4363 intermortuis
963 4309 1109 4362 'Catilinae

38 4376 315 4444 frequentamenta.
819 4450 860 4501 20
962 4440 965 4444 ,
1186 4381 1190 4390 ’
