2766 5018
312 309 406 368 eno
435 305 565 362 unce
591 305 866 366 neroumno.
1052 313 1129 390 451
1197 319 1200 326 ¹

36 483 100 546 sed
122 481 231 543 fatuus
254 486 287 540 et
308 499 416 540 umens
439 499 484 538 er.
507 476 622 553 Quid?
643 476 701 538 ille
724 477 815 557 signa
833 499 933 540 aenea
950 480 984 541 in
1003 479 1133 542 insidiis

33 571 207 650 posuerat,
222 584 304 646 quae
317 583 335 622 e
346 560 463 630 balneo
474 559 509 620 iu
525 559 708 622 cubiculum
719 562 889 622 transferri
898 584 964 624 non
974 563 1134 645 possent?

36 649 158 710 llcbes
200 645 335 722 crimine
374 643 578 704 insidiarums
613 642 697 704 nihil
739 645 822 704 enim
861 646 944 707 dixit
986 648 1134 728 amplius.

34 733 191 803 Horum,
218 728 348 812 inquit,
381 749 466 788 eram
498 728 659 787 conscius.
703 727 791 803 Quid
813 729 904 790 tum?
935 730 982 789 ita
1002 731 1135 792 demens

34 815 212 885 illeerat,
234 821 271 872 ut
294 833 386 884 enm,
409 832 502 892 wem
525 811 690 871 conscium
711 809 796 870 tanti
817 812 953 873 sceleris
974 811 1136 886 babebat,
1182 811 1183 816 ’

37 921 56 959 a
83 919 119 958 se
143 895 350 956 dimitteret?
392 893 525 957 llomam
547 892 644 954 etiam
664 893 828 968 mitteret,
851 896 907 955 ubi
929 904 962 957 et
982 896 1137 957 inimicis·
1189 909 1213 974 j

37 983 159 1050 simum
191 979 292 1039 sciret
323 999 396 1038 esse
423 983 576 1058 nepotem
598 999 711 1049 suum,
744 985 776 1037 et
799 977 836 1040 C.
859 979 1052 1054 Caesarem,
1085 980 1138 1040 eui
1224 1034 1226 1038 .

37 1064 200 1124 fecisset
222 1060 383 1123 insidias?
422 1059 613 1140 praesertim
653 1081 723 1120 curn
759 1059 787 1120 is
826 1083 908 1122 unns
945 1071 1053 1136 esset,
1083 1063 1138 1162 qui

37 1154 160 1230 posset
183 1146 222 1204 de
246 1145 380 1205 absente
404 1163 439 1202 se
460 1142 652 1202 vindicare?
674 1143 718 1204 Et
740 1143 856 1204 fratres
878 1166 986 1218 meos,
1009 1148 1187 1230 inquines

40 1229 136 1314 quod
158 1236 250 1288 erant
272 1226 418 1297 conscii,
453 1225 488 1285 iu
508 1225 639 1286 vincula
660 1225 812 1287 coniecit.
856 1227 938 1292 (lum
959 1229 1059 1308 igitur
1082 1251 1137 1290 eos

40 1311 198 1384 vinciret,
222 1331 302 1394 quos
326 1331 435 1372 seeum
451 1307 605 1382 babebat,
625 1317 659 1370 te
676 1309 816 1370 solutum
833 1310 966 1372 Romam
976 1313 1140 1386 mittebat,

45 1397 105 1481 qui
128 1395 238 1456 eadem
261 1394 376 1465 scires,
400 1413 481 1476 quae
504 1391 581 1452 illos
605 1394 689 1452 scire
713 1393 825 1453 dicis?

47 1531 50 1536 .
110 1478 189 1540 (lar.
205 1477 304 1542 v111.
326 1475 465 1559 Reliqua
487 1496 562 1554 pars
586 1477 803 1537 accusationis
822 1475 943 1558 duplex
965 1477 1044 1538 luit:
1066 1499 1141 1552 una,

41 1583 157 1642 regem
186 1581 312 1640 semper
340 1559 376 1618 in
407 1556 702 1639 speculis'fuisse,
739 1569 903 1622 cuncte
927 1563 1031 1622 animo
1055 1570 1143 1622 esset

44 1647 175 1708 alieno:
206 1643 331 1716 altera,
364 1642 541 1702 exereitum
562 1662 633 1701 enm
656 1651 769 1712 contra
791 1650 823 1702 te
848 1665 995 1724 magnum
1018 1667 1143 1725 compa-

42 1749 151 1791 rasse.
193 1725 243 1786 Ile
267 1725 413 1786 exercitu
436 1724 539 1785 dicam
560 1723 720 1796 breviter,
743 1733 779 1785 ut
802 1733 920 1786 cetera.
965 1728 1144 1810 Numquam

44 1833 105 1874 eas
131 1810 241 1890 copias
269 1830 327 1870 rex
353 1807 528 1868 Deiotarus
560 1806 696 1880 babuit,
727 1807 844 1888 quibus
876 1808 996 1870 inferre
1024 1810 1145 1870 bellum

47 1891 197 1980 [populo
219 1889 385 1974 Romano]
409 1898 541 1969 posset3
572 1891 632 1950 sed
662 1890 778 1972 quibus
809 1891 889 1951 lines
922 1913 997 1952 suos
1028 1893 1068 1952 ab
1092 1915 1146 1953 ex-

51 1974 299 2057 cursionibus¹)
329 1982 371 2034 et
407 1972 590 2034 latrociniis
623 1980 790 2046 tueretur,
831 1983 864 2036 et
896 1974 1145 2056 imperatoribus

106 2181 137 2249 1)
156 2179 361 2234 excursionibus
380 2177 506 2231 bostium.

57 2301 407 2320 W

51 2398 214 2454 concinnior
230 2394 359 2455 uidetur3
387 2399 417 2444 ut
432 2393 503 2443 enim
522 2407 633 2457 iuquam
649 2398 677 2444 ct
692 2388 825 2463 improbus
841 2395 1027 2456 sdanimum,
1054 2396 1094 2448 sie
1109 2396 1151 2465 fa·

49 2481 114 2522 treus
131 2474 159 2522 et
173 2483 260 2516 amens
278 2465 314 2515 sd
329 2464 467 2530 ingenium
481 2462 651 2514 referuntur.
687 2463 753 2514 Mox
775 2463 862 2514 Arcb.
882 2465 944 2516 Eri.
963 2467 1043 2519 Parr.
1059 2466 1089 2518 9.
1105 2468 1153 2526 ll.

50 2538 172 2612 [05x.]
188 2538 267 2588 Rom.
280 2535 351 2586 Ven.
371 2531 451 2584 1499
466 2532 626 2600 transferri3
648 2539 713 2604 cett.
733 2551 794 2586 curn
808 2534 880 2592 Veu.
896 2537 976 2588 1472
993 2540 1117 2588 transire.

109 2608 183 2672 Quid
202 2615 263 2656 tum.
300 2606 353 2656 Est
376 2603 443 2654 baec
466 2603 606 2672 particula
621 2604 704 2672 plura
722 2608 879 2672 quaerentis
898 2609 943 2658 uel
967 2609 1154 2667 extenuantis,
1203 2651 1207 2654 .

51 2700 124 2751 qnae
143 2679 235 2732 valeti
261 2676 328 2744 qnid
344 2676 462 2743 posteat
491 2673 636 2741 quidinde
652 2676 797 2744 sequitur‘l
827 2694 851 2729 v.
869 2696 897 2747 p.
913 2679 986 2733 lllur.
1008 2680 1031 2747 §.
1049 2677 1098 2730 illi.
1126 2697 1154 2746 p.

52 2755 140 2805 Caco.
163 2747 210 2800 28.
238 2748 322 2816 Verr.
344 2745 394 2795 111
419 2743 468 2795 50.
499 2745 543 2794 lv
566 2743 606 2798 59
621 2750 673 2797 etc.
709 2745 848 2800 Patricius
873 2749 975 2818 aliique
999 2751 1156 2800 maluerunt

54 2821 132 2886 Quid
153 2822 204 2872 tu?
219 2818 308 2886 *quod
326 2817 416 2867 locum
434 2831 488 2866 non
506 2813 605 2875 babet,
627 2833 685 2868 cum
704 2817 758 2869 ista
773 2819 912 2886 particula
930 2820 1076 2872 secundam
1093 2837 1155 2886 per·

50 2910 148 2947 sonam
162 2889 242 2943 uerbi
256 2889 388 2956 requirat.
425 2903 450 2938 v.
468 2903 495 2954 p.
513 2886 543 2936 S.
563 2885 646 2938 Rosc.
666 2887 689 2954 §-
709 2886 776 2940 104.
792 2907 819 2957 p.
833 2889 894 2960 Lig.
912 2891 935 2958 fi.
956 2889 1002 2941 18.
1028 2890 1064 2939 ad
1080 2889 1156 2940 Fam.

49 2965 88 3018 11
103 2962 141 3014 8:
182 2958 254 3022 Quid
270 2961 319 3009 tu?
339 2975 377 3006 stac
392 2955 442 3007 bae
461 2957 510 3006 tibi
527 2956 666 3006 arraudassr
681 2959 839 3008 existimas?
858 2967 906 3010 etc.
1206 3007 1208 3014 .

106 3033 140 3084 de
160 3031 267 3082 absente
294 3058 325 3068 -
352 3027 499 3088 uindicare.
543 3027 589 3077 Ita
612 3027 692 3077 Puer.
718 3024 790 3078 05¹.
813 3027 902 3079 Arcb.
925 3029 993 3080 Bav.
1012 3024 1076 3077 (lul.
1091 3028 1155 3082 Eri.

49 3107 134 3157 Rom.
149 3101 220 3152 Veu.
238 3100 339 3168 aliique
359 3097 445 3158 lib‘ri;
464 3097 517 3146 uisi
534 3098 609 3164 quod
621 3099 650 3146 iu
667 3098 763 3164 paneis
779 3105 896 3166 propter
912 3099 1068 3165 neglectam
1085 3115 1157 3149 corn·

49 3175 150 3246 pendii
165 3155 256 3222 no'tnb
273 3169 330 3236 legi
348 3165 586 3237 possitjudiearu,
614 3167 729 3232 quadiu
746 3167 809 3218 Pur.
828 3168 856 3220 8.
872 3168 946 3224 01¹.
965 3169 1067 3222 Drest
1085 3169 1156 3220 Ven.

52 3244 138 3298 1479
158 3250 213 3301 est,
233 3241 277 3292 vel
294 3239 423 3296 iudicare,
444 3238 517 3304 qnod
532 3238 560 3286 in
578 3236 652 3286 051.
671 3241 779 3288 exstare
795 3239 906 3290 dicitur.
945 3238 1066 3291 Obstarc
1082 3241 1157 3292 uide·

49 3325 102 3370 tur
119 3314 171 3367 buc
186 3327 277 3370 unum,
297 3311 371 3378 quod
387 3307 526 3360 uindicare
542 3323 571 3356 se
587 3306 620 3356 de
638 3305 730 3372 aliqua
747 3309 806 3360 lere
824 3327 957 3378 nusquam
974 3311 1089 3379 legitur,
1108 3312 1158 3362 sed

48 3384 195 3439 vindicare
212 3381 326 3448 aliquid,
338 3382 373 3431 ‚iu
391 3379 515 3444 aliquem,
534 3377 650 3442 aliquem
665 3377 710 3429 uel
728 3378 835 3445 aliquid
850 3382 884 3431 ab
903 3381 1005 3448 aliquo.
1033 3375 1157 3432 Forcell.

49 3467 148 3510 tamen
165 3454 246 3506 affert
262 3453 335 3502 Plio.
354 3451 398 3500 IV
413 3467 456 3517 ep.
472 3447 507 3499 ll
525 3454 610 3498 entur
647 3447 804 3502 Licinianus
824 3459 921 3521 postea
938 3453 1077 3502 clementia
1094 3453 1159 3504 Divi

50 3529 164 3580 Neruae
187 3525 241 3592 [rx
258 3521 374 3588 exsilio]
402 3519 551 3582 translatus
577 3526 617 3568 est
638 3519 665 3568 iu
683 3517 826 3580 Siciliam,
848 3523 897 3574 rabi
914 3541 982 3572 nunc
995 3523 1158 3594 profitetur,

49 3615 136 3664 seque
151 3594 308 3663 defortuna
322 3590 536 3660 praefationibus
552 3589 681 3640 vindicat.
702 3637 706 3644 ,
732 3603 736 3614 ’
762 3624 767 3645 ,
1150 3620 1157 3630 ·

110 3666 196 3717 vul.
232 3666 261 3714 in
277 3663 392 3732 speculis
405 3660 497 3728 fuisse.
526 3660 560 3710 In
574 3661 752 3728 proverbium
769 3661 840 3716 abiit
854 3661 922 3712 baec
937 3662 1050 3714 locutio.
1073 3665 1160 3717 Veur.

49 3741 91 3790 Α.
114 3733 165 3788 Ιθε
199 3735 276 3786 illusae
303 3741 390 3790 autem
412 3731 528 3784 Murices
554 3732 582 3785 ia
604 3733 718 3800 speculis
733 3739 813 3791 sunt,
841 3734 983 3786 observant
994 3741 1046 3784 etc.
1083 3735 1159 3788 Fam.

49 3809 101 3861 IV
118 3805 150 3858 δε
193 3805 336 3869 Tamquam
362 3821 395 3852 cx
419 3803 513 3868 aliqua
541 3802 650 3870 specula
674 3803 803 3871 prospexi
828 3810 1005 3874 tempestatem
1028 3804 1158 3872 futur-am

52 3899 81 3932 v.
107 3895 134 3945 p.
154 3875 225 3928 lllur.
250 3875 272 3941 §.
289 3873 336 3924 79.
363 3875 468 3930 Vocem
484 3872 598 3922 bostium
615 3880 679 3940 post
694 3891 798 3924 excors.
813 3875 944 3940 igriorant
960 3875 1048 3926 Arcb.
1063 3895 1099 3927 m.
1114 3896 1158 3946 pr.

52 3952 127 4001 Bau.
142 3947 269 4015 plerique
286 3945 366 3996 Pare.
385 3943 447 3995 Eri.
466 3941 538 3996 02¹.
577 3941 705 3996 Glossam
729 3945 781 3995 uel·
796 3961 833 3997 ax
851 3963 888 3996 ‚eo
907 3957 1067 4012 agnosces,
1085 3949 1158 4017 quod

51 4017 145 4072 Arcb.
172 4035 206 4068 m.
227 4035 247 4068 s.
272 4015 335 4066 Col.
357 4013 430 4066 Pitb.
454 4014 543 4065 Veun.
564 4015 701 4081 praebent
724 4016 758 4064 ab
786 4032 844 4068 cae.
867 4023 894 4064 et
914 4015 1009 4068 latroc.
1034 4019 1158 4070 leontium.

52 4089 204 4143 Errrestius
225 4087 323 4140 melius
348 4085 465 4153 putabat
490 4085 694 4136 incursionibus.
740 4083 798 4135 Sed
821 4103 847 4136 u.
869 4105 897 4154 p.
921 4087 940 4136 l.
964 4088 1038 4139 Mau.
1063 4091 1084 4156 ᾗ.
1110 4088 1158 4141 tss.

51 4160 141 4214 Adde
160 4159 194 4210 de
213 4158 296 4210 Pror.
313 4156 345 4208 C.
363 4155 398 4206 2:
435 4154 596 4205 lllacedouia
613 4158 652 4206 sie
670 4174 687 4208 a
704 4156 827 4206 barbaris
846 4164 978 4216 uexatur,
998 4162 1089 4209 atain
1106 4159 1159 4211 illa¹

53 4239 170 4287 suestra,
200 4245 268 4294 quine
286 4246 335 4297 par
349 4225 535 4276 Macedoniarn
563 4234 602 4275 ast
627 4245 708 4294 usque
730 4225 988 4298 adaliellespoutum
1012 4229 1155 4290 militaris,

54 4301 258 4354 excursionibus
278 4299 451 4350 barbarorum
468 4298 504 4346 sit
520 4293 627 4364 inficta.
