2782 5022
181 299 338 454 -1226
592 371 1062 432 enarratum

253 567 327 606 nam
365 543 591 624 accipiendum
628 543 750 608 Romae
782 544 987 605 restiterunt.
1033 551 1189 607 tenentur
1218 543 1327 619 literae,

255 629 370 709 sigua,
401 648 535 700 manus,
565 627 706 712 denique
728 628 984 710 uniuscuiusque
1008 629 1195 690 confessio:
1232 629 1327 690 sollici·

253 719 366 772 tantur
387 710 606 790 Allobrogem
642 713 775 782 servitia
807 712 1009 783 excitantur3
1046 713 1191 772 Catilina
1220 714 1330 772 accersi-

254 796 368 876 tur¹);
402 795 437 854 id
460 804 510 855 est
533 795 649 856 initum
672 795 864 868 eonsilium,
895 803 951 867 ut,
981 795 1167 856 interfectis
1191 796 1330 868 omnibus,

254 900 347 938 nemo
371 900 410 937 ne
433 880 474 938 ad
497 877 731 959 deplorandum
753 878 884 962 quidem
905 877 1107 958 reipublicae
1127 901 1244 940 nomen
1259 889 1331 960 atque
1381 916 1382 921 κ

256 962 297 1022 ad
319 961 556 1022 lamentandam
578 962 662 1022 tanti
684 962 812 1044 imperii
834 961 1050 1046 calamitatem
1072 962 1279 1046 relinquatur.
1378 975 1383 1044 t

206 1051 226 1104 ὃ
319 1047 397 1106 Gar.
420 1045 487 1104 Ill.
532 1046 625 1106 llaec
648 1046 753 1106 omnia
776 1045 903 1105 indices
922 1045 1126 1126 detulerunt,
1149 1047 1200 1107 rei
1216 1045 1329 1106 confessi
1380 1047 1383 1109 ι

255 1125 352 1200 sunt,
383 1149 440 1194 vos
462 1127 573 1210 multis
597 1129 660 1189 iam
682 1128 814 1188 iudiciis
837 1129 1028 1189 iudicastis:
1059 1130 1218 1210 primum,
1251 1127 1330 1210 quod,

255 1213 333 1272 inibi
365 1213 486 1291 gratias
518 1212 632 1292 egistis
663 1212 883 1292 singularibus
914 1212 1042 1283 verbis,
1088 1220 1121 1273 et
1143 1235 1215 1272 mea
1236 1213 1329 1271 virtute

255 1303 352 1378 atque
376 1294 560 1376 diligentia,
582 1295 790 1376 perditorum
803 1294 964 1355 bominum
979 1294 1175 1376 patefactam
1196 1317 1267 1356 esse
1281 1315 1332 1354 eoa·

253 1378 448 1440 iurationem
471 1379 685 1439 decrevistis:
723 1378 841 1439 deinde
865 1379 952 1461 quod
975 1377 1012 1437 P.
1035 1379 1234 1453 Lentulum,
1264 1386 1333 1438 utse
1379 1375 1383 1416 ι

255 1463 424 1521 abdicaret
446 1469 622 1541 praetura,
646 1460 822 1541 coegistis:
846 1471 912 1523 tum
935 1463 1023 1546 quod
1047 1484 1137 1537 eum,
1161 1472 1194 1524 et
1218 1470 1333 1529 eeteros,
1379 1481 1383 1518 ι

254 1543 295 1603 dc
330 1539 447 1626 ‘quibus
480 1544 679 1618 iudicastis,
710 1545 746 1604 iu
780 1546 960 1605 custodiam
997 1546 1122 1616 dandos
1162 1544 1334 1606 censuistis:
1380 1571 1383 1594 ι

144 1663 147 1670 ‚
253 1629 454 1709 maximeque
469 1628 589 1710 ,quod
611 1649 681 1688 meo
704 1629 832 1688 nomine
856 1627 1128 1709 supplicationem
1151 1627 1335 1696 decrevistis,
1382 1645 1383 1678 ι

256 1711 310 1795 qui
344 1711 446 1772 bonos
478 1719 590 1791 togato
613 1711 744 1772 babitus
768 1719 842 1771 ante
866 1734 915 1776 me
939 1720 989 1772 est
1012 1708 1150 1772 nemini:
1193 1720 1334 1794 postrema
1377 1727 1383 1776 ι

254 1795 409 1855 besterna
441 1794 494 1854 die
525 1795 667 1874 praemia
697 1795 815 1874 legatis
843 1779 1077 1875 Allobrogum,
1111 1796 1256 1880 Titoque
1276 1791 1334 1852 vul-

247 1877 361 1938 vturcio
391 1876 530 1937 dedistis
565 1878 771 1960 amplissima.
813 1878 908 1954 Quae
938 1891 1013 1938 sunt
1042 1879 1148 1940 omnia
1179 1877 1338 1956 eiusmodi,

254 1969 292 2020 ut
312 1960 358 2032 ii,
399 1961 455 2045 qui
481 1960 517 2020 in
547 1961 727 2022 custodiam
748 1961 937 2022 nominatim
960 1961 1028 2022 dati
1051 1970 1150 2035 sunt,
1190 1963 1260 2023 siue
1289 1958 1336 2020 alla

256 2044 461 2105 dubitatione
485 2067 503 2103 a
524 2045 617 2106 vohis
640 2044 784 2106 damuati
803 2065 878 2105 esse
902 2045 1097 2106 videantur.-

310 2253 341 2317 Ι)
358 2255 519 2304 arcessitur.

259 2399 611 2416 unu-——a—-t-nn—-uu-u

311 2501 443 2544 teneratur.
461 2487 464 2506 '
479 2493 650 2554 Particulam
677 2493 726 2545 sed
744 2494 921 2564 praemissam
946 2494 975 2544 in
993 2494 1061 2562 Teg.
1080 2494 1160 2544 Parr.
1178 2493 1208 2545 n.
1228 2491 1256 2543 6.
1272 2489 1338 2541 Barla.

261 2565 365 2617 delevit
388 2563 525 2617 Graevius
545 2583 577 2616 ex
595 2572 713 2634 utroque
739 2584 787 2616 suo
812 2566 885 2618 Pitb.
900 2567 1013 2617 Erfurt.
1036 2566 1133 2634 quibus
1156 2565 1338 2633 adstipulantur
1382 2583 1383 2608 ι

259 2637 340 2687 Parr.
357 2635 385 2686 ὅ.
402 2635 432 2685 4.
443 2633 475 2685 li.
492 2634 520 2686 8.
533 2635 561 2686 9.
581 2637 642 2686 Sal.
659 2636 746 2688 Arcb.
765 2639 834 2688 Bav.
852 2665 883 2674 —-
910 2637 974 2686 Par.
993 2636 1011 2685 ⁷
1028 2655 1087 2686 cum
1106 2637 1222 2688 Duisb.=
1241 2639 1339 2686 ιειιιιιιιιι
1382 2654 1383 2676 ι

259 2725 331 2759 uero.
368 2707 480 2758 Pani:
500 2706 710 2766 tenentur-enim.
748 2724 773 2758 v.
790 2713 847 2758 not.
866 2707 901 2757 ad
920 2724 951 2756 or
977 2724 1004 2774 p.
1025 2706 1054 2758 S.
1074 2707 1177 2774 Roscia
1199 2709 1222 2776 5.
1242 2703 1302 2758 11⁷.
1382 2733 1383 2748 ι

314 2777 372 2830 ΠΙ.
393 2777 416 2844 5.
437 2775 464 2828 ὃ.
502 2775 602 2826 indices
618 2776 777 2828 detulerunt.
814 2797 839 2830 v.
855 2778 906 2827 ΠΙ
922 2776 984 2829 Cat.
1004 2795 1063 2846 cap.
1081 2779 1099 2828 5
1116 2797 1194 2845 seqq.
1230 2783 1234 2790 ’
1382 2794 1383 2802 ’

305 2848 430 2919 judiciis.
466 2846 653 2899 Judiciumet
668 2847 695 2898 b.
712 2849 731 2898 l.
750 2849 820 2900 etin
838 2849 931 2899 multis
948 2849 1010 2898 aliis
1026 2850 1128 2900 dicitur
1145 2867 1225 2900 omne
1241 2845 1284 2903 id,
1301 2855 1338 2921 tl?
1382 2864 1383 2880 .

261 2920 322 2989 quis
340 2937 415 2970 suam
430 2919 610 2979 sententiam,
639 2919 795 2991 opinionem
813 2921 1035 2988 voluntatemque
1053 2921 1217 2972 declaravit.
1252 2919 1282 2966 dc
1299 2910 1339 2961 llll»
1381 2935 1383 2948 ι

259 2992 293 3042 ll
310 2991 345 3042 7:
385 2990 513 3051 Quarauis
531 2989 665 3040 demersae
679 2991 734 3040 siat
750 2990 820 3060 leges
836 2991 950 3060 aliocujus
968 2992 1068 3058 opibus,
1089 2993 1211 3058 quamvis
1227 2983 1339 3052 tinmfaclt
1382 3005 1383 3030 ι

261 3063 393 3112 libertas:
412 3068 547 3130 eraerqunt
560 3067 647 3134 tqmen
655 3062 720 3111 baec
739 3062 885 3128 aliquando
903 3069 952 3111 aut
960 3061 1076 3130 judiciis
1094 3063 1195 3118 tacitis,
1209 3067 1261 3110 ιιιιι
1275 3050 1339 3106 occul·

262 3135 298 3183 tis
315 3132 347 3183 de
365 3131 464 3181 borsore
479 3129 624 3200 suffragiis.
662 3131 735 3184 Pbil.
752 3134 769 3183 1
788 3131 862 3182 {br
878 3131 916 3182 Et
930 3133 1025 3201 populi
1042 3132 1146 3198 quidem
1163 3130 1276 3188 Rotnani
1283 3121 1339 3195 judi·

262 3205 306 3254 eia
320 3202 404 3252 inulta
422 3203 499 3252 amba.
513 3201 637 3259 babetis,
664 3204 759 3268 quibus
781 3220 829 3252 uos
847 3205 981 3253 nonsatis
1007 3204 1106 3252 suoveri
1118 3204 1275 3272 permoleste
1288 3195 1338 3265 fert
1382 3216 1383 3238 1

262 3292 288 3327 v.
306 3292 333 3343 p.
353 3273 384 3324 S.
401 3272 504 3323 Roscio
523 3271 634 3340 5108.
653 3291 680 3341 p.
700 3272 946 3342 l.ll1anilia5.db
965 3280 1031 3325 extr.

316 3361 373 3394 mea
395 3345 458 3394 virt.
484 3350 563 3409 atque
583 3343 661 3412 dilig.
699 3343 754 3393 Off.
779 3344 795 3394 I
816 3344 873 3395 22:
898 3340 1037 3394 'Consiliis
1055 3341 1250 3412 diligentiaque
1268 3340 1340 3386 nasim
1382 3367 1383 3374 .

244 3409 387 3467 'celeriter
404 3413 436 3463 sle
454 3415 573 3464 titanibus
590 3415 829 3465 audacissimorum
848 3416 945 3465 ciuium
962 3414 1083 3483 delapsu¹
1094 3430 1169 3464 arma
1187 3414 1248 3480 ipsa
1264 3402 1339 3460 cecide

262 3493 335 3537 rant.
372 3502 397 3537 v.
413 3484 462 3534 III
477 3483 540 3535 Cat.
558 3485 581 3552 5.
602 3483 642 3536 tls
656 3503 731 3552 seqq.
752 3486 816 3536 coll.
835 3485 902 3553 51.
1158 3531 1162 3540 χ
1219 3545 1230 3552 .

317 3564 346 3605 ιιι
359 3573 388 3604 se
401 3555 549 3605 abdicaret.
577 3554 648 3607 Pall.
668 3574 722 3606 sec.
739 3562 806 3607 sext
825 3563 853 3607 et
869 3555 994 3606 nonnulli
1010 3555 1072 3604 alii:
1091 3572 1120 3604 se
1138 3551 1265 3602 abdicare
1280 3563 1313 3616 pr·
1324 3557 1339 3587 f·

265 3629 339 3696 quod
352 3627 451 3678 melius
468 3626 553 3676 visum
572 3632 613 3676 est
631 3625 763 3677 Grutero.
791 3627 850 3678 Sed
864 3627 1002 3695 vulgatam
1018 3627 1083 3676 lect.
1102 3623 1262 3675 confirmant
1276 3621 1339 3696 Bait·

207 3739 219 3764 ,a
264 3699 346 3749 Pars.
364 3699 494 3750 meliores
511 3704 569 3747 cum
584 3697 647 3748 Eri.
664 3702 692 3748 et
709 3696 812 3748 Graes.
829 3698 938 3766 prima;
958 3714 1045 3772 neque
1063 3697 1161 3747 desunt
1177 3684 1307 3758 exempla,
1322 3695 1340 3764 {l

267 3770 365 3837 quibus
387 3775 415 3820 et
436 3768 509 3836 apud
527 3766 587 3819 cic.
607 3774 634 3817 et
656 3769 729 3836 apud
746 3769 815 3818 alios
833 3775 960 3819 auctores
977 3767 1091 3819 verbum
1107 3783 1199 3837 cogere
1216 3761 1340 3833 subjuncit·

266 3857 316 3892 vus
332 3856 391 3889 curn
409 3844 481 3906 part.
499 3831 529 3887 iit
545 3839 679 3906 sequitur.
716 3838 985 3906 Verr.1117pr.:
1023 3837 1079 3904 Iste
1105 3865 1135 3876 -
1158 3851 1250 3904 cogere
1269 3825 1341 3892 ineiptl

189 3951 193 3960 .
240 3905 242 3912 ¹
266 3926 328 3966 eos,
356 3917 385 3957 ιιι
410 3911 542 3967 absentem
565 3909 723 3959 Heraclium
749 3911 960 3960 condemnarent.
999 3908 1080 3959 (irat.
1105 3906 1154 3958 111
1177 3905 1213 3964 5,
1238 3903 1341 3953 uesta:

269 3979 395 4030 Tenemus
414 3981 552 4039 rrsemaria,
575 3980 608 4042 Q.
629 3977 754 4041 Catulum
773 4011 804 4020 -
821 3999 878 4030 esse
895 3988 1027 4037 οιιιιιιιιιιιι
1042 3987 1072 4028 ιιι
1086 3981 1145 4028 uita
1160 3995 1188 4026 se
1205 3978 1260 4044 ipse
1270 3970 1340 4040 prius·

266 4057 317 4102 ret.
353 4049 424 4116 Nep.
438 4050 533 4100 Aleib.
547 4050 582 4102 d:
608 4050 734 4110 Audiuit,
753 4049 930 4120 Eumolpidas
944 4050 1095 4104 sacerdotes
1110 4047 1235 4116 u'populo
1250 4045 1340 4092 coastat·

268 4129 298 4173 ut
313 4138 342 4170 se
355 4118 521 4170 devoverent.
558 4122 625 4172 Ter.
640 4122 731 4172 Andr.
746 4122 791 4173 lv
810 4122 844 4182 l,
863 4121 920 4173 502
952 4121 1008 4171 Nec
1025 4129 1050 4170 te
1067 4121 1154 4186 quivit
1169 4117 1246 4168 bodie
1262 4120 1340 4179 caym·

267 4193 346 4244 illam
363 4197 394 4240 ut
410 4189 527 4242 duceres.
564 4192 669 4260 Hecyr.
694 4193 728 4244 11
749 4192 787 4253 2,
805 4191 870 4244 *262
910 4193 945 4244 Vs
971 4193 1044 4259 coepi
1069 4205 1178 4262 cogere,
1206 4179 1339 4237 uta-rediret·

265 4282 292 4320 v.
307 4268 364 4313 nat.
382 4261 417 4336 uqd
433 4261 531 4312 Milon.
546 4259 586 4314 26
602 4269 672 4315 extr.

320 4351 376 4382 eum
391 4339 417 4381 et
432 4339 540 4386 eeteros.
578 4335 650 4386 Sall.
668 4331 732 4385 cat.
750 4329 806 4384 ὅθι
834 4331 891 4382 Sed
907 4349 951 4382 eas
962 4331 1057 4402 paullo
1075 4339 1138 4381 ante
1154 4321 1341 4398 freqaeastml

264 4412 310 4452 ,sas
321 4397 513 4475 ιιἰιιιίιιιιιειιιι.
531 4413 626 4457 eontra
642 4404 830 4456 renmublieara
845 4401 947 4456 iecisse.
