2766 5018
367 393 455 452 nno
479 395 516 466 Q.
540 393 755 452 trunam.
910 475 915 483 Ι
1013 383 1100 476 '421

37 559 153 633 dubito,
179 561 258 702 puin
279 560 540 638 admiraturus,
569 563 623 624 vel
644 563 732 646 quod
751 563 791 622 de
812 561 904 624 nullo
930 564 993 626 alio
1016 565 1105 648 quis·

36 667 124 726 quam,
144 665 180 704 ve
209 643 293 726 quod
307 645 349 716 is,
372 644 475 728 quiin
496 646 607 708 eadem
621 665 717 706 eausa
734 645 864 718 fuisset,
886 647 940 708 rel
975 647 1105 708 uiduam

35 726 98 786 aovi
123 724 252 786 sceleris
262 725 289 808 ¹)
318 728 455 788 afferret.
499 729 614 790 Scelus
641 737 678 790 tu
691 728 778 789 illud
799 750 916 803 vocas,
947 669 1104 794 'luberet

34 809 101 868 cur?
120 807 181 869 isto
203 809 285 872 enim
302 812 430 872 nomine
445 809 502 872 illa
518 810 623 872 adhue
641 832 738 872 causa
757 813 869 874 ceruit.
893 811 950 873 alii
963 834 1104 877 errorem
1206 833 1209 840 ’

34 889 199 970 appellant:
231 891 288 952 ulii
311 893 471 955 timorem:
502 895 558 976 qui
576 895 709 968 durius,
740 916 841 975 spem,
880 893 1104 976 cupiditatem,

33 973 141 1048 odium,
168 973 396 1054 pettinaeiam:
428 976 484 1058 qui
505 977 714 1057 gravissime,
736 977 971 1042 temeritatem
994 978 1103 1038 scelus

32 1065 145 1134 praeter
172 1065 224 1131 te,
257 1057 361 1119 adhuc
385 1080 488 1120 nemo.
530 1061 580 1120 Ac
610 1059 689 1120 mihi
715 1060 864 1141 quidem,
890 1061 919 1121 si
940 1061 1104 1141 proprium

34 1145 60 1196 et
77 1161 176 1203 verram
200 1161 317 1201 nomen
348 1142 454 1202 nostri
481 1141 557 1204 mali
582 1151 778 1240 quaeratur,
811 1141 921 1204 fatalis
947 1142 1104 1224 quaedam

34 1219 179 1284 calamitas
200 1222 358 1286 incidisse
378 1223 518 1296 videtur,
541 1233 574 1286 et
592 1225 787 1306 improvidas
806 1225 966 1289 homiuum
978 1233 1103 1285 mentes

33 1305 243 1385 occupavisse:
265 1315 301 1366 ut
317 1307 525 1368 nemomirari
539 1307 668 1380 debeat,
690 1307 828 1368 humana
844 1307 982 1371 coasilia
995 1308 1105 1368 divina

34 1388 211 1449 necessitate
229 1410 301 1449 ease
320 1397 481 1470 superata.
523 1390 639 1451 Liceat
653 1411 726 1450 esse
741 1390 892 1452 miseros:
916 1412 1105 1472 quamquam
1116 1391 1154 1448 ld

34 1465 83 1528 loe
100 1471 223 1532 victore
242 1493 314 1533 esse
334 1493 400 1534 non
418 1469 608 1552 possumus:
643 1473 702 1533 sed
719 1493 785 1533 non
801 1472 919 1555 loquor
937 1473 1105 1534 denobiae

33 1549 65 1610 de
86 1551 148 1614 illis
173 1554 315 1636 loquor,
345 1553 400 1638 qui
421 1554 622 1616 occiderunt.
665 1555 800 1618 Fuerint
823 1555 951 1636 cupidi,
985 1556 1107 1616 luerint

32 1631 112 1708 irati,
138 1637 261 1699 fuerint
285 1637 487 1718 pertinaces:
519 1636 653 1696 sceleris
678 1659 754 1698 vero
783 1639 936 1710 crimiue3
967 1638 1107 1709 luroris,

31 1717 201 1794 parricidii,
234 1720 334 1780 liceat
356 1719 418 1779 Gn.
433 1720 589 1800 Pompeio
612 1729 756 1791 mortuo,
789 1720 887 1781 liceat
902 1719 1013 1782 multis
1033 1719 1107 1782 aliis

32 1819 134 1862 carere.
175 1802 318 1878 Quando
332 1801 393 1863 hoe
411 1802 705 1884 quisquamne,
728 1802 869 1874 Caesar,
893 1803 1030 1874 audivit,
1053 1809 1108 1864 aut

31 1888 76 1941 tua
95 1883 169 1966 quid
190 1884 280 1947 aliud
303 1907 387 1944 arma
403 1885 597 1958 voluerunt,
618 1883 683 1943 nisi
702 1907 719 1944 a
735 1891 768 1942 te
790 1883 1016 1946 contumeliam
1033 1905 1108 1964 pro·

32 1963 173 2044 pulsare?
212 1967 290 2052 quid
319 1969 384 2048 epit
407 1974 482 2029 tuus
508 1966 566 2026 ille
597 1965 738 2027 invictus
769 1967 949 2038 exereitus,
980 1965 1108 2040 nisiut

34 2067 108 2108 suum
133 2051 183 2111 ius
203 2059 372 2125 tueretur,
403 2058 436 2110 et
465 2049 655 2130 dignitatem
679 2049 789 2130 tuam?
820 2045 922 2129 quid?
950 2055 1005 2120 tu,
1036 2069 1108 2108 eum
1139 2043 1144 2054 ’

34 2149 128 2208 pacem
147 2153 222 2195 esse
245 2133 410 2212 cupiebas,
431 2132 507 2194 idne
528 2133 658 2212 agebas,
679 2139 715 2192 ut
736 2131 797 2190 tibi
815 2152 885 2194 eum
916 2129 1107 2201 sceleratis,

38 2223 114 2274 aaut
133 2238 205 2277 cum
225 2215 319 2284 bouis
341 2216 465 2278 civibus
484 2215 700 2277 conveniret?
746 2214 830 2272 Mihi
843 2233 940 2284 vero,
963 2212 1105 2285 Caesar,
1118 2229 1166 2286 tor

37 2300 79 2353 tua
97 2297 129 2357 in
152 2319 203 2360 me
226 2297 360 2376 maxima
386 2297 500 2359 merita
528 2305 620 2358 tanta
646 2305 735 2358 certe
753 2313 818 2357 non
841 2297 1050 2368 viderentur,
1079 2294 1109 2354 si
1169 2295 1173 2302 ’

34 2397 87 2450 me,
106 2388 141 2444 ut
163 2379 376 2453 sceleratum,
409 2390 476 2441 ate
495 2372 718 2440 conservatum
739 2387 895 2458 putarem.
938 2377 1107 2458 Quomodo
1212 2445 1217 2458 Ι

35 2469 124 2522 autem
141 2472 177 2526 tu
198 2461 240 2522 de
255 2463 421 2543 republica
439 2463 523 2522 hene
536 2461 670 2524 meritus
689 2483 792 2534 esses,
815 2461 843 2520 si
858 2469 908 2520 tot
929 2459 1110 2524 sceleratos

33 2539 171 2608 ineolumi
201 2547 361 2626 dignitate
386 2567 458 2606 esse
481 2543 667 2606 voluisses?
700 2543 925 2605 secessionem
953 2551 989 2605 tu
1017 2542 1108 2603 illem

34 2627 267 2702 existimavisti,
297 2630 441 2701 Caesar,
473 2628 592 2702 initio,
620 2648 685 2687 non
715 2625 855 2686 bellum:
886 2647 954 2687 nou
985 2625 1107 2686 hostile

34 2709 147 2787 odium,
178 2714 240 2773 aed
257 2712 353 2773 civile
374 2711 562 2783 dissidium
583 2711 730 2791 utrisque
755 2709 960 2790 cupientibus
981 2727 1106 2788 rempu-

74 2868 100 2934 l)
116 2871 259 2924 facinoris.

27 3035 100 3092 Asela.
116 3041 190 3094 llas.
210 3039 273 3094 cot
294 3041 395 3094 Dresd.
412 3039 491 3110 Egra.
505 3039 567 3092 Erf.
583 3037 656 3092 041.
675 3047 739 3091 vett.
755 3037 850 3088 Lamh.
869 3037 912 3087 ed.
928 3034 997 3086 Vea.
1017 3032 1106 3086 lm.

28 3104 92 3160 Unus
107 3111 170 3163 Par.
190 3109 284 3163 ileum
298 3111 340 3164 ed
357 3112 437 3163 Rom.
452 3113 514 3162 aava·
527 3111 665 3180 [achoris.

68 3182 258 3249 pertinaciam,
285 3188 401 3252 propter
424 3182 641 3232 Alexandrinum
665 3178 776 3230 bellum.
813 3175 888 3226 Fam.
908 3173 964 3225 XV
987 3172 1025 3224 It
1044 3190 1106 3242 pn,

31 3244 131 3319 Uterque
155 3257 277 3307 perham
293 3268 338 3323 spe
349 3253 427 3322 parte
448 3259 474 3302 et
489 3249 549 3302 odia
567 3249 656 3301 cicilie
672 3248 810 3318 conquiris
828 3247 919 3297 abesse
934 3263 951 3296 a
967 3244 1032 3296 belli
1046 3261 1106 3312 per·

29 3319 117 3374 tinacia
128 3323 226 3376 coluit.

71 3392 162 3460 fatalis
177 3391 327 3444 calamitae.
362 3389 396 3445 Ia
413 3389 525 3444 eandem
540 3389 700 3442 senteutiam
718 3385 824 3438 Caesar
839 3388 866 3436 iu
880 3403 920 3436 or.
935 3383 969 3435 ad
985 3389 1108 3434 senatum

29 3463 92 3527 apud
106 3465 190 3516 Dloa.
205 3461 283 3516 Casa.
302 3461 406 3513 XLIII
423 3460 474 3512 II:
514 3458 732 3530 Ἐκλαθόμενοι
752 3461 805 3528 μὲν
824 3457 1017 3512 recrearetur
1036 3473 1107 3524 συμ·

30 3529 202 3606 industres,
221 3536 259 3600 ὡς
275 3537 327 3586 καὶ
343 3532 453 3603 ἀνάγκῃ
465 3517 528 3587 'aaut
545 3526 687 3601 deoperta
699 3527 866 3596 γεγονότων.
904 3523 1107 3607 (Ιίῳιιγω.

29 3597 115 3658 vtae
152 3601 251 3656 Civilis
270 3601 442 3654 &terrionis
460 3608 486 3650 et
504 3600 634 3650 amentiae
651 3616 698 3650 sere
714 3597 785 3666 fati,
810 3613 857 3646 rea
874 3594 1037 3650 calamitates
1056 3607 1109 3660 aaa

29 3677 63 3720 est
79 3674 126 3724 iste
144 3673 268 3726 caelestes
286 3674 383 3722 exitus.
419 3689 444 3722 v.
460 3671 535 3722 Fam.
549 3665 605 3719 XV
622 3667 668 3720 lt.
693 3685 721 3736 p.
737 3665 866 3719 Marcii.
945 3731 980 3746 ..
1103 3731 1109 3748 ⁸

73 3743 94 3810 ὅ.
115 3744 159 3798 18.
196 3744 305 3796 sceleris
329 3743 444 3804 erimine,
479 3739 554 3791 Fam.
579 3737 607 3788 V
628 3736 663 3789 62
698 3738 780 3788 Nemo
804 3743 844 3786 est
866 3741 920 3784 tara
942 3731 1062 3783 anemieur
1084 3749 1111 3784 es

30 3825 132 3872 saraae,
160 3831 239 3884 qaam
262 3811 400 3882 Pompeius
425 3811 557 3863 amaretur
581 3809 691 3867 melius,
718 3825 796 3875 quara
811 3811 924 3874 paratam
943 3810 1109 3870 susceperat,

30 3883 69 3944 qui
94 3903 139 3934 aas
163 3883 248 3936 malos
272 3885 343 3936 river
367 3881 471 3938 dicere,
500 3887 547 3931 aut
569 3879 685 3930 domines
710 3877 840 3946 improbos
862 3873 969 3929 audeat.
1003 3872 1038 3924 Ia
1056 3890 1110 3939 qua

31 3949 150 4006 admirare·
172 3955 245 4008 soler
266 3955 427 4024 pravitatem
449 3959 477 4003 et
485 3951 624 4034 justitiare
641 3957 668 4000 et
684 3949 842 4016 sapientiam
862 3942 1006 4029 Caesari&
1037 3961 1108 3994 uara·

30 4013 1107 4161 tltl‘tl‘tttttttt?'trattt‘ssssttttt‘ttmtt''t‘t‘trllt

30 4175 50 4209 t·
64 4162 79 4212 l
93 4163 155 4218 Cat.
172 4164 198 4220 7.
216 4192 247 4206 ·-
273 4165 308 4218 Ιιι
323 4163 416 4218 verleio
434 4181 501 4230 seqq
525 4159 612 4214 Areu.
630 4159 692 4213 Col.
711 4159 773 4210 Eri,
793 4157 858 4224 qaid
876 4157 930 4228 epit
947 4165 1007 4206 tace
1026 4155 1108 4232 irrete-

31 4235 67 4280 tur
85 4243 131 4286 ete.
157 4237 223 4290 llas.
242 4235 329 4288 Vena.
357 4231 422 4302 qaid
445 4235 500 4303 epit
523 4231 571 4284 ille
595 4239 655 4282 aare
672 4231 727 4282 iac.
763 4227 863 4278 Paullo
880 4243 963 4295 supra
980 4227 1108 4296 plerique

31 4295 104 4353 Parr.
120 4307 188 4358 Bar.
204 4306 294 4362 Veun.
312 4323 372 4358 cum
387 4302 481 4356 Schol.
496 4311 608 4356 vetarer
626 4301 674 4352 doe
690 4318 724 4350 ex
738 4305 763 4348 te
780 4299 927 4366 quisquam.

77 4374 99 4440 ξ.
119 4373 165 4440 lii.
200 4379 318 4444 atriaque
335 4385 383 4428 ete.
421 4373 514 4426 Aliter
527 4373 635 4444 judicat
650 4369 709 4424 cie.
731 4371 759 4422 ia
777 4387 820 4439 ep.
837 4371 873 4420 ad
884 4369 946 4420 Aet.
962 4363 1039 4416 Vlll
1056 4362 1108 4414 lle
