<?xml version="1.0" encoding="UTF-8"?>
<!DOCTYPE html PUBLIC "-//W3C//DTD XHTML 1.0 Transitional//EN"
    "http://www.w3.org/TR/xhtml1/DTD/xhtml1-transitional.dtd">
<html xmlns="http://www.w3.org/1999/xhtml" xml:lang="en" lang="en">
 <head>
  <title>
</title>
<meta http-equiv="Content-Type" content="text/html;charset=utf-8" />
  <meta name='ocr-system' content='tesseract 3.04.00' />
  <meta name='ocr-capabilities' content='ocr_page ocr_carea ocr_par ocr_line ocrx_word'/>
</head>
<body>
  <div class='ocr_page' id='page_1' title='image "./mtulliiciceroni67cicegoog/mtulliiciceroni67cicegoog_0126.png"; bbox 0 0 2802 5028; ppageno 0'>
   <div class='ocr_carea' id='block_1_1' title="bbox 218 349 1136 439">
    <p class='ocr_par' dir='ltr' id='par_1_1' title="bbox 218 349 1136 439">
     <span class='ocr_line' id='line_1_1' title="bbox 218 349 1136 439; baseline 0.035 -42"><span class='ocrx_word' id='word_1_1' title='bbox 218 430 220 439; x_wconf 28' lang='grc' dir='ltr'>Ι</span> <span class='ocrx_word' id='word_1_2' title='bbox 300 383 304 390; x_wconf 77' lang='lat'><em>,</em></span> <span class='ocrx_word' id='word_1_3' title='bbox 340 349 434 404; x_wconf 82' lang='lat' dir='ltr'><strong>ruo</strong></span> <span class='ocrx_word' id='word_1_4' title='bbox 461 349 589 406; x_wconf 74' lang='lat' dir='ltr'><strong>nuuc</strong></span> <span class='ocrx_word' id='word_1_5' title='bbox 615 351 831 406; x_wconf 73' lang='grc' dir='ltr'><strong>ιιιιιιιιι.</strong></span> <span class='ocrx_word' id='word_1_6' title='bbox 1055 350 1136 432; x_wconf 77' lang='lat'><strong>12⁷</strong></span> 
     </span>
    </p>
   </div>
   <div class='ocr_carea' id='block_1_2' title="bbox 50 519 1185 2443">
    <p class='ocr_par' dir='ltr' id='par_1_2' title="bbox 50 519 1185 1176">
     <span class='ocr_line' id='line_1_2' title="bbox 51 519 1136 608; baseline 0.003 -27"><span class='ocrx_word' id='word_1_7' title='bbox 51 519 213 583; x_wconf 77' lang='lat' dir='ltr'><strong>licuisset?</strong></span> <span class='ocrx_word' id='word_1_8' title='bbox 253 521 426 604; x_wconf 83' lang='lat' dir='ltr'><strong>quid&#39;tam</strong></span> <span class='ocrx_word' id='word_1_9' title='bbox 454 520 671 594; x_wconf 84' lang='lat' dir='ltr'><strong>incredibile,</strong></span> <span class='ocrx_word' id='word_1_10' title='bbox 704 543 811 604; x_wconf 82' lang='lat' dir='ltr'><strong>quem,</strong></span> <span class='ocrx_word' id='word_1_11' title='bbox 829 527 867 582; x_wconf 89' lang='lat' dir='ltr'><strong>ut</strong></span> <span class='ocrx_word' id='word_1_12' title='bbox 894 521 1012 584; x_wconf 84' lang='lat' dir='ltr'><strong>iterum</strong></span> <span class='ocrx_word' id='word_1_13' title='bbox 1035 545 1136 608; x_wconf 87' lang='lat' dir='ltr'><strong>eques</strong></span> 
     </span>
     <span class='ocr_line' id='line_1_3' title="bbox 51 604 1137 687; baseline 0.003 -21"><span class='ocrx_word' id='word_1_14' title='bbox 51 605 201 666; x_wconf 83' lang='lat' dir='ltr'><strong>Romanus</strong></span> <span class='ocrx_word' id='word_1_15' title='bbox 225 627 267 666; x_wconf 84' lang='lat' dir='ltr'><strong>ex</strong></span> <span class='ocrx_word' id='word_1_16' title='bbox 289 605 575 666; x_wconf 82' lang='lat' dir='ltr'><strong>senatusconsulto</strong></span> <span class='ocrx_word' id='word_1_17' title='bbox 596 604 837 686; x_wconf 79' lang='lat' dir='ltr'><strong>triumpharet?</strong></span> <span class='ocrx_word' id='word_1_18' title='bbox 872 606 1013 687; x_wconf 87' lang='lat' dir='ltr'><strong>quaein</strong></span> <span class='ocrx_word' id='word_1_19' title='bbox 1036 607 1137 670; x_wconf 91' lang='lat' dir='ltr'><strong>omni·</strong></span> 
     </span>
     <span class='ocr_line' id='line_1_4' title="bbox 50 686 1137 776; baseline 0.003 -29"><span class='ocrx_word' id='word_1_20' title='bbox 50 689 103 748; x_wconf 86' lang='lat' dir='ltr'><strong>hus</strong></span> <span class='ocrx_word' id='word_1_21' title='bbox 130 688 312 753; x_wconf 81' lang='lat' dir='ltr'><strong>hominihus</strong></span> <span class='ocrx_word' id='word_1_22' title='bbox 343 711 427 749; x_wconf 85' lang='lat' dir='ltr'><strong>nova</strong></span> <span class='ocrx_word' id='word_1_23' title='bbox 457 698 534 776; x_wconf 83' lang='lat' dir='ltr'><strong>post</strong></span> <span class='ocrx_word' id='word_1_24' title='bbox 562 687 726 750; x_wconf 84' lang='lat' dir='ltr'><strong>hominum</strong></span> <span class='ocrx_word' id='word_1_25' title='bbox 752 686 936 750; x_wconf 73' lang='lat' dir='ltr'><strong>memoriam</strong></span> <span class='ocrx_word' id='word_1_26' title='bbox 958 691 1137 751; x_wconf 85' lang='lat' dir='ltr'><strong>constituta</strong></span> 
     </span>
     <span class='ocr_line' id='line_1_5' title="bbox 51 770 1135 856; baseline 0.005 -27"><span class='ocrx_word' id='word_1_27' title='bbox 51 780 137 843; x_wconf 86' lang='lat' dir='ltr'><strong>sunt,</strong></span> <span class='ocrx_word' id='word_1_28' title='bbox 170 793 209 832; x_wconf 88' lang='lat' dir='ltr'><strong>ea</strong></span> <span class='ocrx_word' id='word_1_29' title='bbox 228 780 295 834; x_wconf 87' lang='lat' dir='ltr'><strong>tam</strong></span> <span class='ocrx_word' id='word_1_30' title='bbox 317 771 417 833; x_wconf 83' lang='lat' dir='ltr'><strong>muita</strong></span> <span class='ocrx_word' id='word_1_31' title='bbox 439 793 506 832; x_wconf 88' lang='lat' dir='ltr'><strong>non</strong></span> <span class='ocrx_word' id='word_1_32' title='bbox 528 781 623 845; x_wconf 87' lang='lat' dir='ltr'><strong>suut,</strong></span> <span class='ocrx_word' id='word_1_33' title='bbox 656 793 749 854; x_wconf 86' lang='lat' dir='ltr'><strong>quam</strong></span> <span class='ocrx_word' id='word_1_34' title='bbox 770 770 873 846; x_wconf 88' lang='lat' dir='ltr'><strong>haec,</strong></span> <span class='ocrx_word' id='word_1_35' title='bbox 905 792 987 856; x_wconf 81' lang='lat' dir='ltr'><strong>quae</strong></span> <span class='ocrx_word' id='word_1_36' title='bbox 1016 772 1051 831; x_wconf 88' lang='lat' dir='ltr'><strong>in</strong></span> <span class='ocrx_word' id='word_1_37' title='bbox 1073 772 1135 834; x_wconf 91' lang='lat' dir='ltr'><strong>hoc</strong></span> 
     </span>
     <span class='ocr_line' id='line_1_6' title="bbox 51 853 1185 953; baseline 0.001 -41"><span class='ocrx_word' id='word_1_38' title='bbox 51 876 105 914; x_wconf 89' lang='lat' dir='ltr'><strong>uno</strong></span> <span class='ocrx_word' id='word_1_39' title='bbox 126 854 253 915; x_wconf 88' lang='lat' dir='ltr'><strong>homine</strong></span> <span class='ocrx_word' id='word_1_40' title='bbox 276 855 422 916; x_wconf 83' lang='lat' dir='ltr'><strong>videmus</strong></span> <span class='ocrx_word' id='word_1_41' title='bbox 439 855 477 937; x_wconf 89' lang='lat'><strong>¹).</strong></span> <span class='ocrx_word' id='word_1_42' title='bbox 519 856 629 953; x_wconf 82' lang='lat' dir='ltr'><strong>Atque</strong></span> <span class='ocrx_word' id='word_1_43' title='bbox 651 853 733 916; x_wconf 87' lang='lat' dir='ltr'><strong>haec</strong></span> <span class='ocrx_word' id='word_1_44' title='bbox 753 863 806 916; x_wconf 85' lang='lat' dir='ltr'><strong>tot</strong></span> <span class='ocrx_word' id='word_1_45' title='bbox 828 854 995 937; x_wconf 84' lang='lat' dir='ltr'><strong>exempla,</strong></span> <span class='ocrx_word' id='word_1_46' title='bbox 1024 859 1185 930; x_wconf 52' lang='lat' dir='ltr'><strong>tantuma</strong></span> 
     </span>
     <span class='ocr_line' id='line_1_7' title="bbox 51 938 1137 1020; baseline 0.004 -24"><span class='ocrx_word' id='word_1_47' title='bbox 51 959 82 996; x_wconf 83' lang='lat' dir='ltr'><strong>ec</strong></span> <span class='ocrx_word' id='word_1_48' title='bbox 101 944 161 996; x_wconf 83' lang='lat' dir='ltr'><strong>tam</strong></span> <span class='ocrx_word' id='word_1_49' title='bbox 176 957 290 1012; x_wconf 77' lang='lat' dir='ltr'><strong>nora,</strong></span> <span class='ocrx_word' id='word_1_50' title='bbox 312 940 462 1020; x_wconf 82' lang='lat' dir='ltr'><strong>prosecta</strong></span> <span class='ocrx_word' id='word_1_51' title='bbox 482 946 558 1000; x_wconf 86' lang='lat' dir='ltr'><strong>suut</strong></span> <span class='ocrx_word' id='word_1_52' title='bbox 578 960 614 998; x_wconf 93' lang='grc' dir='ltr'><strong>ιιι</strong></span> <span class='ocrx_word' id='word_1_53' title='bbox 636 939 773 999; x_wconf 87' lang='lat' dir='ltr'><strong>cundem</strong></span> <span class='ocrx_word' id='word_1_54' title='bbox 794 938 956 1008; x_wconf 84' lang='lat' dir='ltr'><strong>hominem</strong></span> <span class='ocrx_word' id='word_1_55' title='bbox 978 961 996 1000; x_wconf 90' lang='lat' dir='ltr'><strong>a·</strong></span> <span class='ocrx_word' id='word_1_56' title='bbox 1017 940 1058 1015; x_wconf 78' lang='lat' dir='ltr'><strong>Q.</strong></span> <span class='ocrx_word' id='word_1_57' title='bbox 1074 941 1137 1000; x_wconf 84' lang='lat' dir='ltr'><strong>Ga-</strong></span> 
     </span>
     <span class='ocr_line' id='line_1_8' title="bbox 50 1020 1136 1106; baseline 0.006 -29"><span class='ocrx_word' id='word_1_58' title='bbox 50 1020 103 1078; x_wconf 84' lang='lat' dir='ltr'><strong>tuli</strong></span> <span class='ocrx_word' id='word_1_59' title='bbox 131 1029 226 1103; x_wconf 86' lang='lat' dir='ltr'><strong>atque</strong></span> <span class='ocrx_word' id='word_1_60' title='bbox 259 1047 278 1084; x_wconf 86' lang='lat' dir='ltr'><strong>a</strong></span> <span class='ocrx_word' id='word_1_61' title='bbox 306 1030 486 1086; x_wconf 84' lang='lat' dir='ltr'><strong>ceterorum·</strong></span> <span class='ocrx_word' id='word_1_62' title='bbox 508 1022 654 1084; x_wconf 85' lang='lat' dir='ltr'><strong>eiusdem</strong></span> <span class='ocrx_word' id='word_1_63' title='bbox 674 1022 844 1104; x_wconf 72' lang='lat' dir='ltr'><strong>diguitatis</strong></span> <span class='ocrx_word' id='word_1_64' title='bbox 868 1022 1136 1106; x_wconf 83' lang='lat' dir='ltr'><strong>amplissimorum</strong></span> 
     </span>
     <span class='ocr_line' id='line_1_9' title="bbox 51 1102 555 1176; baseline 0.008 -14"><span class='ocrx_word' id='word_1_65' title='bbox 51 1102 199 1164; x_wconf 89' lang='lat' dir='ltr'><strong>homiuum</strong></span> <span class='ocrx_word' id='word_1_66' title='bbox 222 1105 430 1166; x_wconf 84' lang='lat' dir='ltr'><strong>auctoritate.</strong></span> <span class='ocrx_word' id='word_1_67' title='bbox 461 1157 474 1176; x_wconf 73' lang='grc'><strong>.,</strong></span> <span class='ocrx_word' id='word_1_68' title='bbox 548 1135 555 1152; x_wconf 57' lang='lat' dir='ltr'><strong>v·</strong></span> 
     </span>
    </p>

    <p class='ocr_par' dir='ltr' id='par_1_3' title="bbox 50 1188 1185 2443">
     <span class='ocr_line' id='line_1_10' title="bbox 102 1188 1136 1271; baseline 0.005 -25"><span class='ocrx_word' id='word_1_69' title='bbox 102 1188 176 1248; x_wconf 75' lang='lat' dir='ltr'><strong>Car.</strong></span> <span class='ocrx_word' id='word_1_70' title='bbox 196 1188 315 1250; x_wconf 83' lang='lat' dir='ltr'><strong>XXII.</strong></span> <span class='ocrx_word' id='word_1_71' title='bbox 358 1189 468 1264; x_wconf 78' lang='lat' dir='ltr'><strong>Quare</strong></span> <span class='ocrx_word' id='word_1_72' title='bbox 490 1189 636 1261; x_wconf 83' lang='lat' dir='ltr'><strong>videant,</strong></span> <span class='ocrx_word' id='word_1_73' title='bbox 657 1210 699 1248; x_wconf 91' lang='lat' dir='ltr'><strong>ne</strong></span> <span class='ocrx_word' id='word_1_74' title='bbox 722 1189 766 1251; x_wconf 88' lang='lat' dir='ltr'><strong>sit</strong></span> <span class='ocrx_word' id='word_1_75' title='bbox 786 1189 992 1271; x_wconf 82' lang='lat' dir='ltr'><strong>periniquum</strong></span> <span class='ocrx_word' id='word_1_76' title='bbox 1014 1197 1136 1251; x_wconf 82' lang='lat' dir='ltr'><strong>utnon</strong></span> 
     </span>
     <span class='ocr_line' id='line_1_11' title="bbox 50 1270 1135 1353; baseline 0.006 -25"><span class='ocrx_word' id='word_1_77' title='bbox 50 1270 224 1346; x_wconf 77' lang='lat' dir='ltr'><strong>serendum,</strong></span> <span class='ocrx_word' id='word_1_78' title='bbox 254 1271 387 1332; x_wconf 87' lang='lat' dir='ltr'><strong>illorum</strong></span> <span class='ocrx_word' id='word_1_79' title='bbox 410 1271 636 1341; x_wconf 85' lang='lat' dir='ltr'><strong>auctoritatem</strong></span> <span class='ocrx_word' id='word_1_80' title='bbox 658 1272 698 1330; x_wconf 92' lang='lat' dir='ltr'><strong>de</strong></span> <span class='ocrx_word' id='word_1_81' title='bbox 721 1273 782 1334; x_wconf 85' lang='lat' dir='ltr'><strong>Gn.</strong></span> <span class='ocrx_word' id='word_1_82' title='bbox 803 1273 953 1353; x_wconf 87' lang='lat' dir='ltr'><strong>Pompeii</strong></span> <span class='ocrx_word' id='word_1_83' title='bbox 975 1272 1135 1352; x_wconf 69' lang='lat' dir='ltr'><strong>dignitate</strong></span> 
     </span>
     <span class='ocr_line' id='line_1_12' title="bbox 52 1349 1135 1436; baseline 0.005 -25"><span class='ocrx_word' id='word_1_84' title='bbox 52 1375 67 1411; x_wconf 85' lang='lat' dir='ltr'><strong>a</strong></span> <span class='ocrx_word' id='word_1_85' title='bbox 91 1354 178 1414; x_wconf 85' lang='lat' dir='ltr'><strong>vohis</strong></span> <span class='ocrx_word' id='word_1_86' title='bbox 210 1355 453 1436; x_wconf 87' lang='lat' dir='ltr'><strong>comprobatam</strong></span> <span class='ocrx_word' id='word_1_87' title='bbox 485 1375 612 1435; x_wconf 81' lang='lat' dir='ltr'><strong>semper</strong></span> <span class='ocrx_word' id='word_1_88' title='bbox 641 1375 734 1414; x_wconf 85' lang='lat' dir='ltr'><strong>esse:</strong></span> <span class='ocrx_word' id='word_1_89' title='bbox 772 1361 916 1416; x_wconf 84' lang='lat' dir='ltr'><strong>vestrum</strong></span> <span class='ocrx_word' id='word_1_90' title='bbox 941 1355 1070 1416; x_wconf 82' lang='lat' dir='ltr'><strong>abillis</strong></span> <span class='ocrx_word' id='word_1_91' title='bbox 1094 1349 1135 1416; x_wconf 78' lang='lat' dir='ltr'><strong>rie</strong></span> 
     </span>
     <span class='ocr_line' id='line_1_13' title="bbox 52 1437 1135 1521; baseline 0.01 -29"><span class='ocrx_word' id='word_1_92' title='bbox 52 1437 151 1498; x_wconf 86' lang='lat' dir='ltr'><strong>codem</strong></span> <span class='ocrx_word' id='word_1_93' title='bbox 170 1437 303 1500; x_wconf 85' lang='lat' dir='ltr'><strong>homine</strong></span> <span class='ocrx_word' id='word_1_94' title='bbox 325 1437 500 1509; x_wconf 78' lang='lat' dir='ltr'><strong>indicium,</strong></span> <span class='ocrx_word' id='word_1_95' title='bbox 534 1437 712 1521; x_wconf 86' lang='lat' dir='ltr'><strong>populique</strong></span> <span class='ocrx_word' id='word_1_96' title='bbox 741 1437 878 1498; x_wconf 88' lang='lat' dir='ltr'><strong>Romani</strong></span> <span class='ocrx_word' id='word_1_97' title='bbox 908 1441 1135 1503; x_wconf 82' lang='lat' dir='ltr'><strong>anctoritatem</strong></span> 
     </span>
     <span class='ocr_line' id='line_1_14' title="bbox 52 1513 1135 1602; baseline 0.006 -25"><span class='ocrx_word' id='word_1_98' title='bbox 52 1513 226 1600; x_wconf 81' lang='lat' dir='ltr'><strong>improbari:</strong></span> <span class='ocrx_word' id='word_1_99' title='bbox 249 1522 445 1602; x_wconf 86' lang='lat' dir='ltr'><strong>praesertim</strong></span> <span class='ocrx_word' id='word_1_100' title='bbox 465 1543 536 1580; x_wconf 90' lang='lat' dir='ltr'><strong>cum</strong></span> <span class='ocrx_word' id='word_1_101' title='bbox 556 1520 619 1580; x_wconf 88' lang='lat' dir='ltr'><strong>iam</strong></span> <span class='ocrx_word' id='word_1_102' title='bbox 643 1542 702 1581; x_wconf 88' lang='lat' dir='ltr'><strong>suo</strong></span> <span class='ocrx_word' id='word_1_103' title='bbox 723 1521 793 1582; x_wconf 89' lang='lat' dir='ltr'><strong>iure</strong></span> <span class='ocrx_word' id='word_1_104' title='bbox 812 1522 952 1602; x_wconf 89' lang='lat' dir='ltr'><strong>populus</strong></span> <span class='ocrx_word' id='word_1_105' title='bbox 971 1523 1135 1586; x_wconf 83' lang='lat' dir='ltr'><strong>Romanus</strong></span> 
     </span>
     <span class='ocr_line' id='line_1_15' title="bbox 51 1601 1178 1690; baseline 0.005 -30"><span class='ocrx_word' id='word_1_106' title='bbox 51 1601 80 1660; x_wconf 89' lang='lat' dir='ltr'><strong>in</strong></span> <span class='ocrx_word' id='word_1_107' title='bbox 97 1603 153 1664; x_wconf 85' lang='lat' dir='ltr'><strong>hoc</strong></span> <span class='ocrx_word' id='word_1_108' title='bbox 175 1603 307 1666; x_wconf 85' lang='lat' dir='ltr'><strong>homine</strong></span> <span class='ocrx_word' id='word_1_109' title='bbox 331 1626 420 1666; x_wconf 87' lang='lat' dir='ltr'><strong>suam</strong></span> <span class='ocrx_word' id='word_1_110' title='bbox 442 1603 668 1664; x_wconf 83' lang='lat' dir='ltr'><strong>auctoritatem</strong></span> <span class='ocrx_word' id='word_1_111' title='bbox 695 1604 749 1664; x_wconf 86' lang='lat' dir='ltr'><strong>vel</strong></span> <span class='ocrx_word' id='word_1_112' title='bbox 779 1613 893 1666; x_wconf 85' lang='lat' dir='ltr'><strong>contra</strong></span> <span class='ocrx_word' id='word_1_113' title='bbox 915 1628 1049 1680; x_wconf 83' lang='lat' dir='ltr'><strong>omnes,</strong></span> <span class='ocrx_word' id='word_1_114' title='bbox 1081 1608 1137 1690; x_wconf 91' lang='lat' dir='ltr'><strong>qui</strong></span> <span class='ocrx_word' id='word_1_115' title='bbox 1174 1658 1178 1680; x_wconf 70' lang='grc'>,</span> 
     </span>
     <span class='ocr_line' id='line_1_16' title="bbox 54 1679 1136 1771; baseline 0.007 -29"><span class='ocrx_word' id='word_1_116' title='bbox 54 1685 255 1762; x_wconf 84' lang='lat' dir='ltr'><strong>dissentiunt,</strong></span> <span class='ocrx_word' id='word_1_117' title='bbox 289 1688 397 1770; x_wconf 80' lang='lat' dir='ltr'><strong>possit</strong></span> <span class='ocrx_word' id='word_1_118' title='bbox 430 1679 625 1747; x_wconf 71' lang='lat' dir='ltr'><strong>defendite:</strong></span> <span class='ocrx_word' id='word_1_119' title='bbox 665 1697 841 1768; x_wconf 89' lang='lat' dir='ltr'><strong>propterea</strong></span> <span class='ocrx_word' id='word_1_120' title='bbox 872 1689 978 1771; x_wconf 78' lang='lat' dir='ltr'><strong>qnod,</strong></span> <span class='ocrx_word' id='word_1_121' title='bbox 1018 1690 1136 1750; x_wconf 86' lang='lat' dir='ltr'><strong>iisdem</strong></span> 
     </span>
     <span class='ocr_line' id='line_1_17' title="bbox 53 1767 1134 1853; baseline 0.008 -29"><span class='ocrx_word' id='word_1_122' title='bbox 53 1767 112 1828; x_wconf 84' lang='lat' dir='ltr'><strong>istis</strong></span> <span class='ocrx_word' id='word_1_123' title='bbox 131 1771 387 1832; x_wconf 82' lang='lat' dir='ltr'><strong>reclamantibus</strong></span> <span class='ocrx_word' id='word_1_124' title='bbox 403 1771 453 1853; x_wconf 83' lang='lat'><strong>²),</strong></span> <span class='ocrx_word' id='word_1_125' title='bbox 486 1792 542 1830; x_wconf 86' lang='lat' dir='ltr'><strong>vos</strong></span> <span class='ocrx_word' id='word_1_126' title='bbox 570 1792 668 1830; x_wconf 88' lang='lat' dir='ltr'><strong>unum</strong></span> <span class='ocrx_word' id='word_1_127' title='bbox 697 1770 789 1830; x_wconf 89' lang='lat' dir='ltr'><strong>illum</strong></span> <span class='ocrx_word' id='word_1_128' title='bbox 812 1793 852 1831; x_wconf 86' lang='lat' dir='ltr'><strong>ex</strong></span> <span class='ocrx_word' id='word_1_129' title='bbox 874 1773 1021 1833; x_wconf 88' lang='lat' dir='ltr'><strong>omnibus</strong></span> <span class='ocrx_word' id='word_1_130' title='bbox 1045 1772 1134 1832; x_wconf 82' lang='lat' dir='ltr'><strong>dele·</strong></span> 
     </span>
     <span class='ocr_line' id='line_1_18' title="bbox 57 1852 1185 1938; baseline 0.007 -30"><span class='ocrx_word' id='word_1_131' title='bbox 57 1852 151 1928; x_wconf 76' lang='lat' dir='ltr'><strong>qistis,</strong></span> <span class='ocrx_word' id='word_1_132' title='bbox 173 1877 274 1938; x_wconf 90' lang='lat' dir='ltr'><strong>quem</strong></span> <span class='ocrx_word' id='word_1_133' title='bbox 294 1854 383 1916; x_wconf 89' lang='lat' dir='ltr'><strong>bello</strong></span> <span class='ocrx_word' id='word_1_134' title='bbox 404 1854 603 1935; x_wconf 86' lang='lat' dir='ltr'><strong>praedonum</strong></span> <span class='ocrx_word' id='word_1_135' title='bbox 625 1855 880 1935; x_wconf 77' lang='lat' dir='ltr'><strong>praeponeretis.</strong></span> <span class='ocrx_word' id='word_1_136' title='bbox 923 1855 999 1916; x_wconf 89' lang='lat' dir='ltr'><strong>Hoc</strong></span> <span class='ocrx_word' id='word_1_137' title='bbox 1026 1857 1055 1916; x_wconf 89' lang='lat' dir='ltr'><strong>si</strong></span> <span class='ocrx_word' id='word_1_138' title='bbox 1076 1877 1185 1935; x_wconf 67' lang='lat' dir='ltr'><strong>vosssq</strong></span> 
     </span>
     <span class='ocr_line' id='line_1_19' title="bbox 58 1935 1174 2019; baseline 0.009 -29"><span class='ocrx_word' id='word_1_139' title='bbox 58 1941 153 1996; x_wconf 83' lang='lat' dir='ltr'><strong>temere</strong></span> <span class='ocrx_word' id='word_1_140' title='bbox 174 1939 345 2013; x_wconf 81' lang='lat' dir='ltr'><strong>fecistis,¹</strong></span> <span class='ocrx_word' id='word_1_141' title='bbox 364 1945 397 2000; x_wconf 84' lang='lat' dir='ltr'><strong>et</strong></span> <span class='ocrx_word' id='word_1_142' title='bbox 418 1937 620 2019; x_wconf 87' lang='lat' dir='ltr'><strong>reipublicae</strong></span> <span class='ocrx_word' id='word_1_143' title='bbox 642 1959 753 2018; x_wconf 84' lang='lat' dir='ltr'><strong>parum</strong></span> <span class='ocrx_word' id='word_1_144' title='bbox 776 1936 1012 2012; x_wconf 83' lang='lat' dir='ltr'><strong>consuluistis;</strong></span> <span class='ocrx_word' id='word_1_145' title='bbox 1043 1949 1133 2000; x_wconf 88' lang='lat' dir='ltr'><strong>recte</strong></span> <span class='ocrx_word' id='word_1_146' title='bbox 1167 1935 1174 1956; x_wconf 58' lang='lat'><strong>⁸</strong></span> 
     </span>
     <span class='ocr_line' id='line_1_20' title="bbox 61 2014 1135 2101; baseline 0.011 -29"><span class='ocrx_word' id='word_1_147' title='bbox 61 2014 105 2076; x_wconf 82' lang='lat' dir='ltr'><strong>iui</strong></span> <span class='ocrx_word' id='word_1_148' title='bbox 120 2022 220 2082; x_wconf 84' lang='lat' dir='ltr'><strong>studia</strong></span> <span class='ocrx_word' id='word_1_149' title='bbox 236 2031 351 2084; x_wconf 88' lang='lat' dir='ltr'><strong>vestra</strong></span> <span class='ocrx_word' id='word_1_150' title='bbox 370 2021 437 2082; x_wconf 87' lang='lat' dir='ltr'><strong>suis</strong></span> <span class='ocrx_word' id='word_1_151' title='bbox 458 2020 606 2081; x_wconf 87' lang='lat' dir='ltr'><strong>consiliis</strong></span> <span class='ocrx_word' id='word_1_152' title='bbox 627 2041 741 2101; x_wconf 69' lang='lat' dir='ltr'><strong>regere</strong></span> <span class='ocrx_word' id='word_1_153' title='bbox 759 2028 937 2094; x_wconf 63' lang='lat' dir='ltr'><strong>conantum</strong></span> <span class='ocrx_word' id='word_1_154' title='bbox 959 2022 1011 2081; x_wconf 90' lang='lat' dir='ltr'><strong>sin</strong></span> <span class='ocrx_word' id='word_1_155' title='bbox 1029 2031 1135 2084; x_wconf 86' lang='lat' dir='ltr'><strong>autem</strong></span> 
     </span>
     <span class='ocr_line' id='line_1_21' title="bbox 61 2102 1135 2186; baseline 0.007 -29"><span class='ocrx_word' id='word_1_156' title='bbox 61 2118 105 2159; x_wconf 82' lang='lat' dir='ltr'><strong>ros</strong></span> <span class='ocrx_word' id='word_1_157' title='bbox 121 2103 184 2184; x_wconf 88' lang='lat' dir='ltr'><strong>plus</strong></span> <span class='ocrx_word' id='word_1_158' title='bbox 207 2116 280 2168; x_wconf 85' lang='lat' dir='ltr'><strong>tum</strong></span> <span class='ocrx_word' id='word_1_159' title='bbox 300 2107 336 2166; x_wconf 90' lang='lat' dir='ltr'><strong>iu</strong></span> <span class='ocrx_word' id='word_1_160' title='bbox 356 2105 527 2186; x_wconf 84' lang='lat' dir='ltr'><strong>republica</strong></span> <span class='ocrx_word' id='word_1_161' title='bbox 548 2105 701 2178; x_wconf 84' lang='lat' dir='ltr'><strong>vidistis3</strong></span> <span class='ocrx_word' id='word_1_162' title='bbox 733 2126 813 2177; x_wconf 86' lang='lat' dir='ltr'><strong>vos,</strong></span> <span class='ocrx_word' id='word_1_163' title='bbox 844 2102 896 2164; x_wconf 89' lang='lat' dir='ltr'><strong>his</strong></span> <span class='ocrx_word' id='word_1_164' title='bbox 925 2107 1135 2186; x_wconf 74' lang='lat' dir='ltr'><strong>repugnanti-</strong></span> 
     </span>
     <span class='ocr_line' id='line_1_22' title="bbox 57 2179 1134 2270; baseline 0.01 -31"><span class='ocrx_word' id='word_1_165' title='bbox 57 2179 120 2258; x_wconf 74' lang='lat' dir='ltr'><strong>irus,</strong></span> <span class='ocrx_word' id='word_1_166' title='bbox 144 2209 201 2268; x_wconf 86' lang='lat' dir='ltr'><strong>per</strong></span> <span class='ocrx_word' id='word_1_167' title='bbox 230 2189 452 2270; x_wconf 82' lang='lat' dir='ltr'><strong>vosmetipsos</strong></span> <span class='ocrx_word' id='word_1_168' title='bbox 483 2189 675 2269; x_wconf 79' lang='lat' dir='ltr'><strong>dignitatem</strong></span> <span class='ocrx_word' id='word_1_169' title='bbox 701 2187 784 2247; x_wconf 90' lang='lat' dir='ltr'><strong>huic·</strong></span> <span class='ocrx_word' id='word_1_170' title='bbox 800 2185 957 2269; x_wconf 87' lang='lat' dir='ltr'><strong>imperio,</strong></span> <span class='ocrx_word' id='word_1_171' title='bbox 997 2188 1134 2250; x_wconf 87' lang='lat' dir='ltr'><strong>salutem</strong></span> 
     </span>
     <span class='ocr_line' id='line_1_23' title="bbox 56 2265 1133 2354; baseline 0.01 -33"><span class='ocrx_word' id='word_1_172' title='bbox 56 2265 112 2328; x_wconf 78' lang='lat' dir='ltr'><strong>orbi</strong></span> <span class='ocrx_word' id='word_1_173' title='bbox 130 2279 288 2334; x_wconf 87' lang='lat' dir='ltr'><strong>terrarum</strong></span> <span class='ocrx_word' id='word_1_174' title='bbox 310 2273 490 2334; x_wconf 85' lang='lat' dir='ltr'><strong>attulistis:</strong></span> <span class='ocrx_word' id='word_1_175' title='bbox 527 2271 703 2354; x_wconf 89' lang='lat' dir='ltr'><strong>aliquando</strong></span> <span class='ocrx_word' id='word_1_176' title='bbox 734 2271 792 2334; x_wconf 90' lang='lat' dir='ltr'><strong>isti</strong></span> <span class='ocrx_word' id='word_1_177' title='bbox 812 2273 979 2354; x_wconf 85' lang='lat' dir='ltr'><strong>principes</strong></span> <span class='ocrx_word' id='word_1_178' title='bbox 1003 2281 1035 2333; x_wconf 87' lang='lat' dir='ltr'><strong>et</strong></span> <span class='ocrx_word' id='word_1_179' title='bbox 1058 2271 1133 2345; x_wconf 82' lang='lat' dir='ltr'><strong>sibi,</strong></span> 
     </span>
     <span class='ocr_line' id='line_1_24' title="bbox 54 2355 1133 2443; baseline 0.003 -30"><span class='ocrx_word' id='word_1_180' title='bbox 54 2357 81 2407; x_wconf 72' lang='lat' dir='ltr'><strong>et</strong></span> <span class='ocrx_word' id='word_1_181' title='bbox 107 2358 216 2418; x_wconf 87' lang='lat' dir='ltr'><strong>ceteris</strong></span> <span class='ocrx_word' id='word_1_182' title='bbox 249 2356 368 2443; x_wconf 86' lang='lat' dir='ltr'><strong>populi</strong></span> <span class='ocrx_word' id='word_1_183' title='bbox 395 2355 533 2418; x_wconf 87' lang='lat' dir='ltr'><strong>Romani</strong></span> <span class='ocrx_word' id='word_1_184' title='bbox 567 2355 712 2416; x_wconf 85' lang='lat' dir='ltr'><strong>universi</strong></span> <span class='ocrx_word' id='word_1_185' title='bbox 741 2356 928 2419; x_wconf 80' lang='lat' dir='ltr'><strong>auctoritati</strong></span> <span class='ocrx_word' id='word_1_186' title='bbox 954 2356 1133 2438; x_wconf 89' lang='lat' dir='ltr'><strong>parendum</strong></span> 
     </span>
    </p>
   </div>
   <div class='ocr_carea' id='block_1_3' title="bbox 49 2591 1200 4459">
    <p class='ocr_par' dir='ltr' id='par_1_4' title="bbox 57 2591 1132 2901">
     <span class='ocr_line' id='line_1_25' title="bbox 95 2591 752 2666; baseline 0.009 -24"><span class='ocrx_word' id='word_1_187' title='bbox 95 2591 120 2658; x_wconf 82' lang='lat' dir='ltr'><strong>l)</strong></span> <span class='ocrx_word' id='word_1_188' title='bbox 135 2595 261 2649; x_wconf 76' lang='lat' dir='ltr'><strong>uidimus.</strong></span> <span class='ocrx_word' id='word_1_189' title='bbox 298 2595 329 2664; x_wconf 73' lang='lat'><strong>2)</strong></span> <span class='ocrx_word' id='word_1_190' title='bbox 348 2597 432 2666; x_wconf 84' lang='lat' dir='ltr'><strong>quod,</strong></span> <span class='ocrx_word' id='word_1_191' title='bbox 450 2597 511 2649; x_wconf 84' lang='lat' dir='ltr'><strong>istis</strong></span> <span class='ocrx_word' id='word_1_192' title='bbox 529 2595 752 2648; x_wconf 76' lang='lat' dir='ltr'><strong>reclamantibus.</strong></span> 
     </span>
     <span class='ocr_line' id='line_1_26' title="bbox 57 2677 940 2751; baseline -0.001 -38"><span class='ocrx_word' id='word_1_193' title='bbox 57 2727 368 2751; x_wconf 43' lang='grc' dir='ltr'>Ἣ</span> <span class='ocrx_word' id='word_1_194' title='bbox 868 2731 870 2742; x_wconf 42' lang='grc' dir='ltr'>Ι</span> <span class='ocrx_word' id='word_1_195' title='bbox 934 2677 940 2712; x_wconf 70' lang='grc' dir='ltr'><strong>ι</strong></span> 
     </span>
     <span class='ocr_line' id='line_1_27' title="bbox 93 2828 1132 2901; baseline 0.002 -21"><span class='ocrx_word' id='word_1_196' title='bbox 93 2828 179 2881; x_wconf 73' lang='lat' dir='ltr'><strong>itonam</strong></span> <span class='ocrx_word' id='word_1_197' title='bbox 196 2849 286 2900; x_wconf 77' lang='lat' dir='ltr'><strong>eques.</strong></span> <span class='ocrx_word' id='word_1_198' title='bbox 323 2832 400 2885; x_wconf 76' lang='lat' dir='ltr'><strong>ven.</strong></span> <span class='ocrx_word' id='word_1_199' title='bbox 414 2831 476 2884; x_wconf 83' lang='lat' dir='ltr'><strong>Pet.</strong></span> <span class='ocrx_word' id='word_1_200' title='bbox 490 2831 524 2881; x_wconf 92' lang='lat'><strong>11</strong></span> <span class='ocrx_word' id='word_1_201' title='bbox 539 2831 594 2882; x_wconf 72' lang='lat'><strong>502</strong></span> <span class='ocrx_word' id='word_1_202' title='bbox 631 2829 759 2882; x_wconf 80' lang='lat' dir='ltr'><strong>Metellus</strong></span> <span class='ocrx_word' id='word_1_203' title='bbox 777 2835 804 2880; x_wconf 87' lang='lat' dir='ltr'><strong>et</strong></span> <span class='ocrx_word' id='word_1_204' title='bbox 817 2830 957 2898; x_wconf 80' lang='lat' dir='ltr'><strong>Pompeius</strong></span> <span class='ocrx_word' id='word_1_205' title='bbox 980 2847 1015 2881; x_wconf 85' lang='lat' dir='ltr'><strong>ex</strong></span> <span class='ocrx_word' id='word_1_206' title='bbox 1032 2829 1132 2901; x_wconf 81' lang='lat' dir='ltr'><strong>Hispa·</strong></span> 
     </span>
    </p>

    <p class='ocr_par' dir='ltr' id='par_1_5' title="bbox 51 2894 1132 3115">
     <span class='ocr_line' id='line_1_28' title="bbox 51 2894 1132 2973; baseline 0.012 -33"><span class='ocrx_word' id='word_1_207' title='bbox 51 2894 93 2944; x_wconf 78' lang='lat' dir='ltr'><strong>uiis</strong></span> <span class='ocrx_word' id='word_1_208' title='bbox 107 2902 339 2973; x_wconf 71' lang='lat' dir='ltr'><strong>triumphaverunt.</strong></span> <span class='ocrx_word' id='word_1_209' title='bbox 377 2903 432 2954; x_wconf 73' lang='lat' dir='ltr'><strong>see</strong></span> <span class='ocrx_word' id='word_1_210' title='bbox 446 2903 586 2970; x_wconf 83' lang='lat' dir='ltr'><strong>Pompeius</strong></span> <span class='ocrx_word' id='word_1_211' title='bbox 602 2901 652 2952; x_wconf 77' lang='lat' dir='ltr'><strong>hoc</strong></span> <span class='ocrx_word' id='word_1_212' title='bbox 668 2917 771 2968; x_wconf 81' lang='lat' dir='ltr'><strong>quoque</strong></span> <span class='ocrx_word' id='word_1_213' title='bbox 794 2901 925 2969; x_wconf 74' lang='lat' dir='ltr'><strong>triumpho</strong></span> <span class='ocrx_word' id='word_1_214' title='bbox 944 2901 1031 2955; x_wconf 74' lang='lat' dir='ltr'><strong>adhuc</strong></span> <span class='ocrx_word' id='word_1_215' title='bbox 1054 2921 1132 2970; x_wconf 84' lang='lat' dir='ltr'><strong>eques</strong></span> 
     </span>
     <span class='ocr_line' id='line_1_29' title="bbox 52 2962 1132 3041; baseline 0.01 -27"><span class='ocrx_word' id='word_1_216' title='bbox 52 2962 168 3024; x_wconf 72' lang='lat' dir='ltr'><strong>Ronanus</strong></span> <span class='ocrx_word' id='word_1_217' title='bbox 183 2984 245 3025; x_wconf 83' lang='lat' dir='ltr'><strong>ante</strong></span> <span class='ocrx_word' id='word_1_218' title='bbox 262 2975 339 3034; x_wconf 83' lang='lat' dir='ltr'><strong>diem,</strong></span> <span class='ocrx_word' id='word_1_219' title='bbox 359 2993 438 3041; x_wconf 73' lang='lat' dir='ltr'><strong>queam</strong></span> <span class='ocrx_word' id='word_1_220' title='bbox 454 2973 620 3026; x_wconf 84' lang='lat' dir='ltr'><strong>consulatum</strong></span> <span class='ocrx_word' id='word_1_221' title='bbox 638 2975 727 3031; x_wconf 84' lang='lat' dir='ltr'><strong>iniret,</strong></span> <span class='ocrx_word' id='word_1_222' title='bbox 747 2989 828 3024; x_wconf 76' lang='lat' dir='ltr'><strong>curru</strong></span> <span class='ocrx_word' id='word_1_223' title='bbox 842 2974 932 3022; x_wconf 79' lang='lat' dir='ltr'><strong>urbem</strong></span> <span class='ocrx_word' id='word_1_224' title='bbox 948 2974 1067 3024; x_wconf 80' lang='lat' dir='ltr'><strong>invectus</strong></span> <span class='ocrx_word' id='word_1_225' title='bbox 1083 2980 1132 3026; x_wconf 78' lang='lat' dir='ltr'><strong>eet.</strong></span> 
     </span>
     <span class='ocr_line' id='line_1_30' title="bbox 52 3036 852 3115; baseline 0.014 -32"><span class='ocrx_word' id='word_1_226' title='bbox 52 3036 314 3115; x_wconf 73' lang='lat' dir='ltr'><strong>v.1³1ut.1¹0mp.21</strong></span> <span class='ocrx_word' id='word_1_227' title='bbox 334 3045 426 3097; x_wconf 68' lang='lat' dir='ltr'><strong>ctat.</strong></span> <span class='ocrx_word' id='word_1_228' title='bbox 463 3045 575 3114; x_wconf 84' lang='lat' dir='ltr'><strong>Appl.</strong></span> <span class='ocrx_word' id='word_1_229' title='bbox 593 3061 616 3095; x_wconf 91' lang='lat' dir='ltr'><strong>c.</strong></span> <span class='ocrx_word' id='word_1_230' title='bbox 850 3072 852 3084; x_wconf 81' lang='lat'><strong>.</strong></span> 
     </span>
    </p>

    <p class='ocr_par' dir='ltr' id='par_1_6' title="bbox 49 3110 1130 3324">
     <span class='ocr_line' id='line_1_31' title="bbox 94 3110 1130 3184; baseline 0.002 -22"><span class='ocrx_word' id='word_1_231' title='bbox 94 3116 142 3162; x_wconf 72' lang='lat' dir='ltr'><strong>tam</strong></span> <span class='ocrx_word' id='word_1_232' title='bbox 161 3117 246 3166; x_wconf 83' lang='lat' dir='ltr'><strong>multu</strong></span> <span class='ocrx_word' id='word_1_233' title='bbox 268 3134 320 3166; x_wconf 84' lang='lat' dir='ltr'><strong>non</strong></span> <span class='ocrx_word' id='word_1_234' title='bbox 345 3123 416 3166; x_wconf 77' lang='lat' dir='ltr'><strong>stant.</strong></span> <span class='ocrx_word' id='word_1_235' title='bbox 452 3114 553 3184; x_wconf 83' lang='lat' dir='ltr'><strong>Itaque</strong></span> <span class='ocrx_word' id='word_1_236' title='bbox 579 3113 644 3165; x_wconf 76' lang='lat' dir='ltr'><strong>val.</strong></span> <span class='ocrx_word' id='word_1_237' title='bbox 666 3113 706 3163; x_wconf 79' lang='lat' dir='ltr'><strong>M.</strong></span> <span class='ocrx_word' id='word_1_238' title='bbox 727 3111 748 3163; x_wconf 92' lang='lat' dir='ltr'><strong>l.</strong></span> <span class='ocrx_word' id='word_1_239' title='bbox 769 3130 810 3164; x_wconf 83' lang='lat' dir='ltr'><strong>c.=</strong></span> <span class='ocrx_word' id='word_1_240' title='bbox 850 3110 926 3174; x_wconf 80' lang='lat' dir='ltr'><strong>Quae</strong></span> <span class='ocrx_word' id='word_1_241' title='bbox 942 3113 971 3163; x_wconf 86' lang='lat' dir='ltr'><strong>iu</strong></span> <span class='ocrx_word' id='word_1_242' title='bbox 988 3110 1037 3165; x_wconf 83' lang='lat' dir='ltr'><strong>Gn.</strong></span> <span class='ocrx_word' id='word_1_243' title='bbox 1054 3113 1130 3164; x_wconf 83' lang='lat' dir='ltr'><strong>Pom·</strong></span> 
     </span>
     <span class='ocr_line' id='line_1_32' title="bbox 49 3173 1130 3257; baseline 0.006 -31"><span class='ocrx_word' id='word_1_244' title='bbox 49 3177 121 3239; x_wconf 73' lang='lat' dir='ltr'><strong>prium</strong></span> <span class='ocrx_word' id='word_1_245' title='bbox 137 3193 162 3234; x_wconf 84' lang='lat' dir='ltr'><strong>et</strong></span> <span class='ocrx_word' id='word_1_246' title='bbox 179 3173 270 3257; x_wconf 68' lang='lat' dir='ltr'><strong>nm&#39;pla</strong></span> <span class='ocrx_word' id='word_1_247' title='bbox 288 3195 314 3236; x_wconf 84' lang='lat' dir='ltr'><strong>et</strong></span> <span class='ocrx_word' id='word_1_248' title='bbox 328 3205 399 3237; x_wconf 83' lang='lat' dir='ltr'><strong>nova</strong></span> <span class='ocrx_word' id='word_1_249' title='bbox 414 3193 539 3257; x_wconf 76' lang='lat' dir='ltr'><strong>eorrqestu</strong></span> <span class='ocrx_word' id='word_1_250' title='bbox 553 3191 631 3243; x_wconf 76' lang='lat' dir='ltr'><strong>sunt,</strong></span> <span class='ocrx_word' id='word_1_251' title='bbox 658 3183 720 3236; x_wconf 81' lang='lat' dir='ltr'><strong>hinc</strong></span> <span class='ocrx_word' id='word_1_252' title='bbox 736 3177 888 3247; x_wconf 52' lang='lat' dir='ltr'><strong>&amp;sermione</strong></span> <span class='ocrx_word' id='word_1_253' title='bbox 902 3179 1008 3252; x_wconf 73' lang='lat' dir='ltr'><strong>favoris</strong></span> <span class='ocrx_word' id='word_1_254' title='bbox 1017 3219 1026 3243; x_wconf 92' lang='lat'><strong>,</strong></span> <span class='ocrx_word' id='word_1_255' title='bbox 1053 3183 1130 3236; x_wconf 85' lang='lat' dir='ltr'><strong>illinc</strong></span> 
     </span>
     <span class='ocr_line' id='line_1_33' title="bbox 51 3242 853 3324; baseline -0.007 -16"><span class='ocrx_word' id='word_1_256' title='bbox 51 3242 143 3308; x_wconf 65' lang='lat' dir='ltr'><strong>fremitu</strong></span> <span class='ocrx_word' id='word_1_257' title='bbox 157 3257 293 3316; x_wconf 83' lang='lat' dir='ltr'><strong>invidiae,</strong></span> <span class='ocrx_word' id='word_1_258' title='bbox 313 3259 453 3307; x_wconf 75' lang='lat' dir='ltr'><strong>literarum</strong></span> <span class='ocrx_word' id='word_1_259' title='bbox 469 3257 640 3307; x_wconf 76' lang='lat' dir='ltr'><strong>raronumentie</strong></span> <span class='ocrx_word' id='word_1_260' title='bbox 658 3255 853 3324; x_wconf 79' lang='lat' dir='ltr'><strong>obstrepantur.</strong></span> 
     </span>
    </p>

    <p class='ocr_par' dir='ltr' id='par_1_7' title="bbox 52 3322 1200 3734">
     <span class='ocr_line' id='line_1_34' title="bbox 94 3322 1144 3397; baseline 0.006 -27"><span class='ocrx_word' id='word_1_261' title='bbox 94 3325 211 3380; x_wconf 78' lang='lat' dir='ltr'><strong>uidemus.</strong></span> <span class='ocrx_word' id='word_1_262' title='bbox 249 3330 460 3381; x_wconf 77' lang='lat' dir='ltr'><strong>Restituendam</strong></span> <span class='ocrx_word' id='word_1_263' title='bbox 480 3330 576 3397; x_wconf 86' lang='lat' dir='ltr'><strong>putavi</strong></span> <span class='ocrx_word' id='word_1_264' title='bbox 591 3325 661 3378; x_wconf 84' lang='lat' dir='ltr'><strong>hanc</strong></span> <span class='ocrx_word' id='word_1_265' title='bbox 674 3329 752 3376; x_wconf 80' lang='lat' dir='ltr'><strong>omn.</strong></span> <span class='ocrx_word' id='word_1_266' title='bbox 770 3325 850 3375; x_wconf 85' lang='lat' dir='ltr'><strong>Parr.</strong></span> <span class='ocrx_word' id='word_1_267' title='bbox 869 3325 955 3377; x_wconf 82' lang='lat' dir='ltr'><strong>Barr.</strong></span> <span class='ocrx_word' id='word_1_268' title='bbox 973 3323 1037 3374; x_wconf 73' lang='lat' dir='ltr'><strong>Ere.</strong></span> <span class='ocrx_word' id='word_1_269' title='bbox 1055 3322 1144 3376; x_wconf 65' lang='lat' dir='ltr'><strong>oux.</strong></span> 
     </span>
     <span class='ocr_line' id='line_1_35' title="bbox 54 3386 1129 3469; baseline 0 -23"><span class='ocrx_word' id='word_1_270' title='bbox 54 3386 103 3440; x_wconf 60' lang='lat' dir='ltr'><strong>“ffl-</strong></span> <span class='ocrx_word' id='word_1_271' title='bbox 117 3394 191 3450; x_wconf 84' lang='lat' dir='ltr'><strong>Rom.</strong></span> <span class='ocrx_word' id='word_1_272' title='bbox 208 3401 299 3452; x_wconf 88' lang='lat' dir='ltr'><strong>Veun.</strong></span> <span class='ocrx_word' id='word_1_273' title='bbox 317 3401 480 3459; x_wconf 86' lang='lat' dir='ltr'><strong>lectionem,</strong></span> <span class='ocrx_word' id='word_1_274' title='bbox 507 3417 559 3469; x_wconf 88' lang='lat' dir='ltr'><strong>pro</strong></span> <span class='ocrx_word' id='word_1_275' title='bbox 577 3415 630 3467; x_wconf 88' lang='lat' dir='ltr'><strong>qua</strong></span> <span class='ocrx_word' id='word_1_276' title='bbox 643 3397 730 3450; x_wconf 84' lang='lat' dir='ltr'><strong>Herv.</strong></span> <span class='ocrx_word' id='word_1_277' title='bbox 744 3413 824 3464; x_wconf 86' lang='lat' dir='ltr'><strong>seqq.</strong></span> <span class='ocrx_word' id='word_1_278' title='bbox 839 3395 953 3446; x_wconf 78' lang='lat' dir='ltr'><strong>uidimus</strong></span> <span class='ocrx_word' id='word_1_279' title='bbox 974 3395 1129 3446; x_wconf 86' lang='lat' dir='ltr'><strong>ediderunt.</strong></span> 
     </span>
     <span class='ocr_line' id='line_1_36' title="bbox 52 3452 1200 3532; baseline 0.01 -29"><span class='ocrx_word' id='word_1_280' title='bbox 52 3452 118 3512; x_wconf 79' lang='lat' dir='ltr'><strong>Infra</strong></span> <span class='ocrx_word' id='word_1_281' title='bbox 135 3469 167 3531; x_wconf 84' lang='lat' dir='ltr'><strong>Q.</strong></span> <span class='ocrx_word' id='word_1_282' title='bbox 183 3469 278 3522; x_wconf 82' lang='lat' dir='ltr'><strong>Catuli</strong></span> <span class='ocrx_word' id='word_1_283' title='bbox 295 3472 358 3522; x_wconf 79' lang='lat' dir='ltr'><strong>Eri.</strong></span> <span class='ocrx_word' id='word_1_284' title='bbox 377 3477 406 3532; x_wconf 78' lang='lat' dir='ltr'><strong>ct</strong></span> <span class='ocrx_word' id='word_1_285' title='bbox 421 3471 517 3520; x_wconf 86' lang='lat' dir='ltr'><strong>Lamb.</strong></span> <span class='ocrx_word' id='word_1_286' title='bbox 535 3471 564 3520; x_wconf 91' lang='lat' dir='ltr'><strong>in</strong></span> <span class='ocrx_word' id='word_1_287' title='bbox 576 3489 611 3520; x_wconf 88' lang='lat' dir='ltr'><strong>m.</strong></span> <span class='ocrx_word' id='word_1_288' title='bbox 629 3466 719 3526; x_wconf 69' lang='lat'><strong>1584.</strong></span> <span class='ocrx_word' id='word_1_289' title='bbox 757 3467 791 3528; x_wconf 82' lang='lat' dir='ltr'><strong>Q.</strong></span> <span class='ocrx_word' id='word_1_290' title='bbox 812 3463 909 3516; x_wconf 70' lang='lat' dir='ltr'><strong>Gabale</strong></span> <span class='ocrx_word' id='word_1_291' title='bbox 934 3472 998 3518; x_wconf 84' lang='lat' dir='ltr'><strong>cett.</strong></span> <span class='ocrx_word' id='word_1_292' title='bbox 1023 3472 1051 3516; x_wconf 88' lang='lat' dir='ltr'><strong>et</strong></span> <span class='ocrx_word' id='word_1_293' title='bbox 1067 3467 1129 3517; x_wconf 84' lang='lat' dir='ltr'><strong>edd.</strong></span> <span class='ocrx_word' id='word_1_294' title='bbox 1199 3479 1200 3483; x_wconf 76' lang='grc'>’</span> 
     </span>
     <span class='ocr_line' id='line_1_37' title="bbox 53 3535 1129 3608; baseline -0.003 -18"><span class='ocrx_word' id='word_1_295' title='bbox 53 3537 107 3582; x_wconf 59' lang='lat' dir='ltr'><strong>vett·</strong></span> <span class='ocrx_word' id='word_1_296' title='bbox 138 3539 210 3596; x_wconf 82' lang='lat' dir='ltr'><strong>Fam.</strong></span> <span class='ocrx_word' id='word_1_297' title='bbox 226 3543 260 3593; x_wconf 91' lang='grc' dir='ltr'><strong>ΙΙ</strong></span> <span class='ocrx_word' id='word_1_298' title='bbox 279 3541 334 3593; x_wconf 76' lang='grc' dir='ltr'><strong>19ι</strong></span> <span class='ocrx_word' id='word_1_299' title='bbox 371 3541 555 3608; x_wconf 82' lang='lat' dir='ltr'><strong>Quaecumque</strong></span> <span class='ocrx_word' id='word_1_300' title='bbox 574 3559 591 3591; x_wconf 87' lang='lat' dir='ltr'><em>a</em></span> <span class='ocrx_word' id='word_1_301' title='bbox 605 3559 643 3592; x_wconf 85' lang='lat' dir='ltr'><strong>me</strong></span> <span class='ocrx_word' id='word_1_302' title='bbox 661 3544 816 3590; x_wconf 81' lang='lat' dir='ltr'><strong>ornamenta</strong></span> <span class='ocrx_word' id='word_1_303' title='bbox 828 3535 864 3587; x_wconf 77' lang='lat' dir='ltr'><strong>ud</strong></span> <span class='ocrx_word' id='word_1_304' title='bbox 879 3543 905 3587; x_wconf 85' lang='lat' dir='ltr'><strong>te</strong></span> <span class='ocrx_word' id='word_1_305' title='bbox 917 3537 1129 3608; x_wconf 74' lang='lat' dir='ltr'><strong>proficiscentur.</strong></span> 
     </span>
     <span class='ocr_line' id='line_1_38' title="bbox 107 3603 1130 3684; baseline -0.004 -24"><span class='ocrx_word' id='word_1_306' title='bbox 107 3603 135 3657; x_wconf 77' lang='lat' dir='ltr'><strong>l:</strong></span> <span class='ocrx_word' id='word_1_307' title='bbox 168 3611 313 3684; x_wconf 71' lang='lat' dir='ltr'><strong>Intelliqo,</strong></span> <span class='ocrx_word' id='word_1_308' title='bbox 338 3613 426 3663; x_wconf 79' lang='lat' dir='ltr'><strong>ornuia</strong></span> <span class='ocrx_word' id='word_1_309' title='bbox 440 3631 508 3681; x_wconf 83' lang='lat' dir='ltr'><strong>qnae</strong></span> <span class='ocrx_word' id='word_1_310' title='bbox 522 3631 540 3662; x_wconf 86' lang='lat' dir='ltr'><strong>u</strong></span> <span class='ocrx_word' id='word_1_311' title='bbox 555 3631 594 3662; x_wconf 86' lang='lat' dir='ltr'><strong>me</strong></span> <span class='ocrx_word' id='word_1_312' title='bbox 603 3610 727 3683; x_wconf 66' lang='lat' dir='ltr'><strong>prolecta</strong></span> <span class='ocrx_word' id='word_1_313' title='bbox 743 3609 847 3659; x_wconf 80' lang='lat' dir='ltr'><strong>suntin</strong></span> <span class='ocrx_word' id='word_1_314' title='bbox 864 3615 905 3666; x_wconf 86' lang='lat' dir='ltr'><strong>te,</strong></span> <span class='ocrx_word' id='word_1_315' title='bbox 932 3609 983 3658; x_wconf 82' lang='lat' dir='ltr'><strong>tibi</strong></span> <span class='ocrx_word' id='word_1_316' title='bbox 999 3607 1130 3658; x_wconf 78' lang='lat' dir='ltr'><strong>accidisse</strong></span> 
     </span>
     <span class='ocr_line' id='line_1_39' title="bbox 52 3675 835 3734; baseline 0.017 -15"><span class='ocrx_word' id='word_1_317' title='bbox 52 3675 188 3734; x_wconf 69' lang='lat' dir='ltr'><strong>praesume</strong></span> <span class='ocrx_word' id='word_1_318' title='bbox 442 3687 444 3689; x_wconf 79' lang='grc'><strong>’</strong></span> <span class='ocrx_word' id='word_1_319' title='bbox 832 3689 835 3694; x_wconf 85' lang='grc'><em>“</em></span> 
     </span>
    </p>

    <p class='ocr_par' dir='ltr' id='par_1_8' title="bbox 53 3739 1130 4459">
     <span class='ocr_line' id='line_1_40' title="bbox 94 3739 1130 3823; baseline -0.003 -22"><span class='ocrx_word' id='word_1_320' title='bbox 94 3742 300 3823; x_wconf 74' lang='lat' dir='ltr'><strong>Xx11.5.65.</strong></span> <span class='ocrx_word' id='word_1_321' title='bbox 335 3770 383 3802; x_wconf 80' lang='lat' dir='ltr'><strong>suo</strong></span> <span class='ocrx_word' id='word_1_322' title='bbox 392 3751 466 3823; x_wconf 77' lang='lat' dir='ltr'><strong>jure.</strong></span> <span class='ocrx_word' id='word_1_323' title='bbox 505 3751 564 3804; x_wconf 80' lang='lat' dir='ltr'><strong>cie.</strong></span> <span class='ocrx_word' id='word_1_324' title='bbox 583 3770 635 3822; x_wconf 87' lang='lat' dir='ltr'><strong>pro</strong></span> <span class='ocrx_word' id='word_1_325' title='bbox 652 3739 750 3800; x_wconf 83' lang='lat' dir='ltr'><strong>Tullio</strong></span> <span class='ocrx_word' id='word_1_326' title='bbox 769 3749 864 3818; x_wconf 72' lang='lat'><strong>§.122</strong></span> <span class='ocrx_word' id='word_1_327' title='bbox 900 3748 943 3797; x_wconf 84' lang='lat' dir='ltr'><strong>Ne</strong></span> <span class='ocrx_word' id='word_1_328' title='bbox 956 3748 1060 3817; x_wconf 81' lang='lat' dir='ltr'><strong>priuati</strong></span> <span class='ocrx_word' id='word_1_329' title='bbox 1077 3748 1130 3816; x_wconf 76' lang='lat' dir='ltr'><strong>ipsi</strong></span> 
     </span>
     <span class='ocr_line' id='line_1_41' title="bbox 53 3815 1128 3893; baseline 0.015 -41"><span class='ocrx_word' id='word_1_330' title='bbox 53 3815 199 3883; x_wconf 72' lang='lat' dir='ltr'><strong>statuerent,</strong></span> <span class='ocrx_word' id='word_1_331' title='bbox 233 3842 285 3891; x_wconf 77' lang='lat' dir='ltr'><strong>quo</strong></span> <span class='ocrx_word' id='word_1_332' title='bbox 306 3829 419 3893; x_wconf 80' lang='lat' dir='ltr'><strong>tempore</strong></span> <span class='ocrx_word' id='word_1_333' title='bbox 437 3829 547 3892; x_wconf 67' lang='lat' dir='ltr'><strong>possent</strong></span> <span class='ocrx_word' id='word_1_334' title='bbox 569 3841 617 3873; x_wconf 86' lang='lat' dir='ltr'><strong>suo</strong></span> <span class='ocrx_word' id='word_1_335' title='bbox 636 3821 702 3891; x_wconf 70' lang='lat' dir='ltr'><strong>jure</strong></span> <span class='ocrx_word' id='word_1_336' title='bbox 728 3836 803 3872; x_wconf 78' lang='lat' dir='ltr'><strong>armo</strong></span> <span class='ocrx_word' id='word_1_337' title='bbox 825 3837 937 3889; x_wconf 80' lang='lat' dir='ltr'><strong>eupere3</strong></span> <span class='ocrx_word' id='word_1_338' title='bbox 974 3825 1002 3870; x_wconf 91' lang='lat' dir='ltr'><strong>et</strong></span> <span class='ocrx_word' id='word_1_339' title='bbox 1023 3819 1045 3886; x_wconf 96' lang='lat'><strong>5.</strong></span> <span class='ocrx_word' id='word_1_340' title='bbox 1072 3817 1128 3870; x_wconf 71' lang='lat'><strong>55&#39;:</strong></span> 
     </span>
     <span class='ocr_line' id='line_1_42' title="bbox 54 3877 1129 3965; baseline -0.002 -25"><span class='ocrx_word' id='word_1_341' title='bbox 54 3877 117 3936; x_wconf 69' lang='lat' dir='ltr'><strong>Nunc</strong></span> <span class='ocrx_word' id='word_1_342' title='bbox 136 3890 182 3945; x_wconf 77' lang='lat' dir='ltr'><strong>hoc</strong></span> <span class='ocrx_word' id='word_1_343' title='bbox 203 3895 333 3965; x_wconf 77' lang='lat' dir='ltr'><strong>probabis</strong></span> <span class='ocrx_word' id='word_1_344' title='bbox 356 3895 424 3945; x_wconf 81' lang='lat' dir='ltr'><strong>uiris</strong></span> <span class='ocrx_word' id='word_1_345' title='bbox 448 3894 563 3952; x_wconf 75' lang='lat' dir='ltr'><strong>tutibus,</strong></span> <span class='ocrx_word' id='word_1_346' title='bbox 590 3912 648 3944; x_wconf 81' lang='lat' dir='ltr'><strong>eum</strong></span> <span class='ocrx_word' id='word_1_347' title='bbox 671 3891 821 3962; x_wconf 74' lang='lat' dir='ltr'><strong>aedificium</strong></span> <span class='ocrx_word' id='word_1_348' title='bbox 838 3899 882 3939; x_wconf 83' lang='lat' dir='ltr'><strong>tuo</strong></span> <span class='ocrx_word' id='word_1_349' title='bbox 893 3889 959 3958; x_wconf 74' lang='lat' dir='ltr'><strong>jure</strong></span> <span class='ocrx_word' id='word_1_350' title='bbox 976 3890 1129 3946; x_wconf 71' lang='lat' dir='ltr'><strong>disturbare</strong></span> 
     </span>
     <span class='ocr_line' id='line_1_43' title="bbox 54 3961 1129 4036; baseline 0.009 -38"><span class='ocrx_word' id='word_1_351' title='bbox 54 3965 96 4002; x_wconf 75' lang='lat' dir='ltr'><strong>rore</strong></span> <span class='ocrx_word' id='word_1_352' title='bbox 106 3967 228 4026; x_wconf 67' lang='lat' dir='ltr'><strong>punieris,</strong></span> <span class='ocrx_word' id='word_1_353' title='bbox 243 3996 274 4006; x_wconf 87' lang='lat'>-</span> <span class='ocrx_word' id='word_1_354' title='bbox 288 3965 405 4016; x_wconf 79' lang='lat' dir='ltr'><strong>homiues</strong></span> <span class='ocrx_word' id='word_1_355' title='bbox 423 3967 469 4032; x_wconf 86' lang='lat' dir='ltr'><strong>qui</strong></span> <span class='ocrx_word' id='word_1_356' title='bbox 484 3968 514 4016; x_wconf 83' lang='lat' dir='ltr'><strong>in</strong></span> <span class='ocrx_word' id='word_1_357' title='bbox 529 3983 559 4015; x_wconf 86' lang='lat' dir='ltr'><strong>eo</strong></span> <span class='ocrx_word' id='word_1_358' title='bbox 573 3963 695 4036; x_wconf 76' lang='lat' dir='ltr'><strong>aedificio</strong></span> <span class='ocrx_word' id='word_1_359' title='bbox 707 3961 817 4032; x_wconf 72' lang='lat' dir='ltr'><strong>fuerint,</strong></span> <span class='ocrx_word' id='word_1_360' title='bbox 836 3968 862 4012; x_wconf 84' lang='lat' dir='ltr'><strong>te</strong></span> <span class='ocrx_word' id='word_1_361' title='bbox 875 3968 920 4010; x_wconf 88' lang='lat' dir='ltr'><strong>tuo</strong></span> <span class='ocrx_word' id='word_1_362' title='bbox 931 3961 996 4029; x_wconf 80' lang='lat' dir='ltr'><strong>jure</strong></span> <span class='ocrx_word' id='word_1_363' title='bbox 1008 3963 1129 4028; x_wconf 84' lang='lat' dir='ltr'><strong>potuisse</strong></span> 
     </span>
     <span class='ocr_line' id='line_1_44' title="bbox 55 4026 1128 4105; baseline 0.016 -40"><span class='ocrx_word' id='word_1_364' title='bbox 55 4026 163 4085; x_wconf 77' lang='lat' dir='ltr'><strong>occidere.</strong></span> <span class='ocrx_word' id='word_1_365' title='bbox 206 4055 231 4090; x_wconf 85' lang='lat' dir='ltr'><strong>v.</strong></span> <span class='ocrx_word' id='word_1_366' title='bbox 257 4055 284 4105; x_wconf 90' lang='lat' dir='ltr'><strong>p.</strong></span> <span class='ocrx_word' id='word_1_367' title='bbox 312 4029 420 4088; x_wconf 77' lang='lat' dir='ltr'><strong>Archia</strong></span> <span class='ocrx_word' id='word_1_368' title='bbox 439 4037 463 4104; x_wconf 84' lang='lat'><strong>5.</strong></span> <span class='ocrx_word' id='word_1_369' title='bbox 489 4036 505 4088; x_wconf 84' lang='lat' dir='ltr'>l</span> <span class='ocrx_word' id='word_1_370' title='bbox 534 4043 562 4088; x_wconf 84' lang='lat' dir='ltr'><strong>et</strong></span> <span class='ocrx_word' id='word_1_371' title='bbox 589 4035 636 4087; x_wconf 79' lang='lat'><strong>18.</strong></span> <span class='ocrx_word' id='word_1_372' title='bbox 662 4035 739 4084; x_wconf 83' lang='lat' dir='ltr'><strong>Flor.</strong></span> <span class='ocrx_word' id='word_1_373' title='bbox 762 4033 779 4083; x_wconf 91' lang='grc' dir='ltr'>Ι</span> <span class='ocrx_word' id='word_1_374' title='bbox 805 4030 851 4083; x_wconf 81' lang='grc'><strong>17.</strong></span> <span class='ocrx_word' id='word_1_375' title='bbox 867 4071 869 4076; x_wconf 86' lang='grc'><strong>.</strong></span> <span class='ocrx_word' id='word_1_376' title='bbox 885 4031 978 4100; x_wconf 85' lang='lat' dir='ltr'><strong>ibique</strong></span> <span class='ocrx_word' id='word_1_377' title='bbox 1011 4032 1128 4082; x_wconf 82' lang='lat' dir='ltr'><strong>Salmas.</strong></span> 
     </span>
     <span class='ocr_line' id='line_1_45' title="bbox 56 4088 750 4172; baseline -0.003 -16"><span class='ocrx_word' id='word_1_378' title='bbox 56 4088 143 4152; x_wconf 68' lang='lat' dir='ltr'><strong>(ir-sev,</strong></span> <span class='ocrx_word' id='word_1_379' title='bbox 160 4112 185 4157; x_wconf 86' lang='lat' dir='ltr'><strong>et</strong></span> <span class='ocrx_word' id='word_1_380' title='bbox 198 4109 305 4158; x_wconf 83' lang='lat' dir='ltr'><strong>Duker.</strong></span> <span class='ocrx_word' id='word_1_381' title='bbox 496 4142 499 4150; x_wconf 79' lang='lat'><strong>.</strong></span> <span class='ocrx_word' id='word_1_382' title='bbox 749 4165 750 4172; x_wconf 10' lang='grc' dir='ltr'>ἵ</span> 
     </span>
     <span class='ocr_line' id='line_1_46' title="bbox 59 4169 1127 4244; baseline 0.002 -27"><span class='ocrx_word' id='word_1_383' title='bbox 59 4228 72 4241; x_wconf 92' lang='lat'><strong>..</strong></span> <span class='ocrx_word' id='word_1_384' title='bbox 99 4169 181 4226; x_wconf 77' lang='lat' dir='ltr'><strong>iisdem</strong></span> <span class='ocrx_word' id='word_1_385' title='bbox 197 4181 256 4230; x_wconf 80' lang='lat' dir='ltr'><strong>tetis</strong></span> <span class='ocrx_word' id='word_1_386' title='bbox 273 4177 475 4229; x_wconf 85' lang='lat' dir='ltr'><strong>estinWerd.</strong></span> <span class='ocrx_word' id='word_1_387' title='bbox 494 4176 557 4227; x_wconf 88' lang='lat' dir='ltr'><strong>Col.</strong></span> <span class='ocrx_word' id='word_1_388' title='bbox 574 4175 752 4233; x_wconf 80' lang='lat' dir='ltr'><strong>Erfurtensi,</strong></span> <span class='ocrx_word' id='word_1_389' title='bbox 781 4189 840 4224; x_wconf 89' lang='lat' dir='ltr'><strong>curn</strong></span> <span class='ocrx_word' id='word_1_390' title='bbox 857 4173 886 4224; x_wconf 91' lang='lat' dir='ltr'><strong>in</strong></span> <span class='ocrx_word' id='word_1_391' title='bbox 904 4179 968 4224; x_wconf 82' lang='lat' dir='ltr'><strong>cett.</strong></span> <span class='ocrx_word' id='word_1_392' title='bbox 992 4171 1073 4221; x_wconf 88' lang='lat' dir='ltr'><strong>libris</strong></span> <span class='ocrx_word' id='word_1_393' title='bbox 1091 4178 1127 4244; x_wconf 69' lang='grc' dir='ltr'><strong>τὸ</strong></span> 
     </span>
     <span class='ocr_line' id='line_1_47' title="bbox 56 4235 1127 4303; baseline -0.008 -5"><span class='ocrx_word' id='word_1_394' title='bbox 56 4235 133 4290; x_wconf 60' lang='lat' dir='ltr'><strong>aeae...</strong></span> <span class='ocrx_word' id='word_1_395' title='bbox 143 4250 265 4300; x_wconf 81' lang='lat' dir='ltr'><strong>omissum</strong></span> <span class='ocrx_word' id='word_1_396' title='bbox 281 4250 325 4299; x_wconf 88' lang='lat' dir='ltr'><strong>sit.</strong></span> <span class='ocrx_word' id='word_1_397' title='bbox 353 4248 490 4299; x_wconf 82' lang='lat' dir='ltr'><strong>Graevius</strong></span> <span class='ocrx_word' id='word_1_398' title='bbox 509 4255 604 4298; x_wconf 86' lang='lat' dir='ltr'><strong>eontra</strong></span> <span class='ocrx_word' id='word_1_399' title='bbox 615 4245 741 4296; x_wconf 78' lang='lat' dir='ltr'><strong>adnotat:</strong></span> <span class='ocrx_word' id='word_1_400' title='bbox 760 4244 820 4294; x_wconf 81' lang='lat' dir='ltr'><strong>istis</strong></span> <span class='ocrx_word' id='word_1_401' title='bbox 840 4244 985 4296; x_wconf 83' lang='lat' dir='ltr'><strong>delendum</strong></span> <span class='ocrx_word' id='word_1_402' title='bbox 1001 4242 1127 4303; x_wconf 78' lang='lat' dir='ltr'><strong>videtur3</strong></span> 
     </span>
     <span class='ocr_line' id='line_1_48' title="bbox 57 4310 1126 4382; baseline -0.002 -18"><span class='ocrx_word' id='word_1_403' title='bbox 57 4313 101 4354; x_wconf 71' lang='lat'>¹¹⁰¹!</span> <span class='ocrx_word' id='word_1_404' title='bbox 122 4313 208 4373; x_wconf 81' lang='lat' dir='ltr'><strong>ferunt</strong></span> <span class='ocrx_word' id='word_1_405' title='bbox 233 4336 314 4371; x_wconf 86' lang='lat' dir='ltr'><strong>aures</strong></span> <span class='ocrx_word' id='word_1_406' title='bbox 337 4325 442 4372; x_wconf 80' lang='lat' dir='ltr'><strong>teretes</strong></span> <span class='ocrx_word' id='word_1_407' title='bbox 467 4317 560 4370; x_wconf 79' lang='lat' dir='ltr'><strong>iisdem</strong></span> <span class='ocrx_word' id='word_1_408' title='bbox 586 4319 656 4368; x_wconf 78' lang='lat' dir='ltr'><strong>istis.</strong></span> <span class='ocrx_word' id='word_1_409' title='bbox 703 4316 762 4367; x_wconf 84' lang='lat' dir='ltr'><strong>Sed</strong></span> <span class='ocrx_word' id='word_1_410' title='bbox 783 4331 809 4366; x_wconf 83' lang='lat' dir='ltr'><strong>r.</strong></span> <span class='ocrx_word' id='word_1_411' title='bbox 827 4331 910 4382; x_wconf 83' lang='lat' dir='ltr'><strong>supra</strong></span> <span class='ocrx_word' id='word_1_412' title='bbox 928 4316 952 4382; x_wconf 83' lang='lat'><strong>5.</strong></span> <span class='ocrx_word' id='word_1_413' title='bbox 970 4310 1060 4366; x_wconf 60' lang='lat' dir='ltr'><strong>eost</strong></span> <span class='ocrx_word' id='word_1_414' title='bbox 1078 4311 1126 4362; x_wconf 79' lang='lat'><strong>51.</strong></span> 
     </span>
     <span class='ocr_line' id='line_1_49' title="bbox 58 4369 1127 4459; baseline -0.011 -15"><span class='ocrx_word' id='word_1_415' title='bbox 58 4369 126 4432; x_wconf 60' lang='lat' dir='ltr'><strong>Adde</strong></span> <span class='ocrx_word' id='word_1_416' title='bbox 148 4393 297 4456; x_wconf 59' lang='lat' dir='ltr'><strong>perraro</strong></span> <span class='ocrx_word' id='word_1_417' title='bbox 323 4391 348 4459; x_wconf 87' lang='lat'><strong>5.</strong></span> <span class='ocrx_word' id='word_1_418' title='bbox 365 4390 422 4444; x_wconf 52' lang='grc' dir='ltr'><strong>ὅθι</strong></span> <span class='ocrx_word' id='word_1_419' title='bbox 461 4389 535 4454; x_wconf 75' lang='lat' dir='ltr'><strong>Quiri</strong></span> <span class='ocrx_word' id='word_1_420' title='bbox 552 4387 616 4441; x_wconf 73' lang='lat' dir='ltr'><strong>auti</strong></span> <span class='ocrx_word' id='word_1_421' title='bbox 634 4388 687 4458; x_wconf 76' lang='lat' dir='ltr'><strong>ipsi</strong></span> <span class='ocrx_word' id='word_1_422' title='bbox 706 4386 774 4439; x_wconf 72' lang='lat' dir='ltr'><strong>tecm</strong></span> <span class='ocrx_word' id='word_1_423' title='bbox 792 4387 864 4437; x_wconf 76' lang='lat' dir='ltr'><strong>iste?</strong></span> <span class='ocrx_word' id='word_1_424' title='bbox 903 4384 977 4448; x_wconf 79' lang='lat' dir='ltr'><strong>Quid</strong></span> <span class='ocrx_word' id='word_1_425' title='bbox 994 4399 1041 4454; x_wconf 70' lang='lat' dir='ltr'><strong>eqo</strong></span> <span class='ocrx_word' id='word_1_426' title='bbox 1060 4384 1127 4436; x_wconf 75' lang='lat' dir='ltr'><strong>ilii?</strong></span> 
     </span>
    </p>
   </div>
   <div class='ocr_carea' id='block_1_4' title="bbox 0 0 1406 5028">
    <p class='ocr_par' dir='ltr' id='par_1_9' title="bbox 0 0 1406 5028">
     <span class='ocr_line' id='line_1_50' title="bbox 0 0 1406 5028; baseline 0 0"><span class='ocrx_word' id='word_1_427' title='bbox 0 0 1406 5028; x_wconf 95' lang='lat' dir='ltr'><strong> </strong></span> 
     </span>
    </p>
   </div>
  </div>
 </body>
</html>
