2782 5022
266 357 348 438 192
606 353 1047 412 onarron..

263 523 517 604 investigataet
540 521 883 610 comprehensum,
911 543 992 598 ros,
1023 521 1081 606 qui
1110 520 1283 604 ignoratis,
1313 536 1336 590 et
1390 538 1391 561 ¹

264 607 463 688 exspectatis
480 607 527 685 1),
551 608 636 666 scire
659 607 806 688 possitis.
1244 607 1250 618 ’
1389 660 1390 669 ,

325 692 393 752 Gar>
411 689 457 750 ll.
479 689 662 786 Principio,
673 685 982 768 ut'Catilinapauois
994 695 1068 750 ante
1082 686 1198 748 diebus
1210 695 1304 772 erupit
1311 713 1339 751 ex
1386 729 1389 763 4

262 774 364 846 urbe,
396 794 467 835 cum
490 771 624 836 sceleris
649 773 700 832 sui
722 774 853 844 socios,
876 769 1012 831 huiusce
1036 773 1153 832 nefarii
1173 772 1253 834 belli
1273 797 1338 834 acer·
1385 774 1389 794 ''

262 856 359 932 rimos
380 855 482 916 duces
504 851 625 916 Romae
648 854 859 938 reliquisset:
880 873 1008 934 semper
1029 854 1163 934 vigilavi
1186 864 1219 916 et
1238 858 1338 936 provid'

263 938 432 1016 Quirites,
461 931 731 1022 ⁴quemadmodum
754 941 789 998 in
811 937 912 1000 tantis
941 945 974 998 et
1002 946 1068 999 tam
1091 939 1288 1000 absconditis
1305 942 1338 999 in·

154 1097 158 1105 .
261 1021 355 1100 sidiis
378 1021 461 1082 salvi
486 1043 558 1082 csse
579 1042 758 1102 possemus.

324 1105 405 1165 Nam
430 1113 517 1177 tum,
562 1127 633 1164 cum
667 1126 708 1164 ex
740 1103 818 1165 urbe
845 1101 1022 1170 Catilinam
1051 1103 1243 1180 elidebam,
1273 1105 1338 1188 (uon

157 1255 160 1262 ⁴
262 1188 346 1248 enim
360 1183 429 1248 iam'
439 1208 554 1248 vereor
573 1187 669 1248 huius
688 1187 781 1249 verbi
798 1185 964 1260 invidiam,
985 1209 1055 1247 cum
1070 1183 1130 1247 illa
1144 1189 1252 1268 magis
1264 1189 1300 1249 sit
1313 1187 1337 1248 ti·

170 1313 174 1321 ·
261 1272 391 1345 menda,
414 1271 503 1354 quod
521 1271 613 1331 vivus
633 1269 777 1352 exierit)
799 1269 946 1343 sedtum,
971 1291 1042 1358 cum
1053 1269 1146 1331 illum
1158 1271 1336 1332 exterminari
1383 1288 1384 1291 ’

259 1377 359 1388 aus—n·-

315 1412 345 1480 1)
363 1412 499 1479 ignoratis
519 1429 551 1463 ex
570 1411 640 1461 actis
659 1411 744 1462 scire.

208 1591 211 1598 ,
314 1548 361 1614 qai
378 1548 512 1617 ignoratis
532 1553 558 1595 ct
576 1547 746 1614 exspectatis.
782 1535 828 1596 lta
845 1543 911 1596 Par.
930 1543 949 1596 5
970 1551 997 1598 et
1015 1543 1045 1605 8,
1064 1544 1215 1596 Lambinus
1233 1547 1261 1596 in
1278 1562 1340 1612 marg.
1383 1533 1387 1595 l

262 1618 305 1670 ed.
324 1617 421 1676 1584,
442 1624 471 1668 et
488 1616 588 1685 procul
608 1616 700 1678 dubio,
713 1615 830 1668 (ir-uteri
850 1616 960 1668 codices
980 1635 1041 1667 cum
1060 1616 1134 1668 le.
1155 1646 1189 1658 -
1215 1617 1278 1668 Par.
1296 1618 1340 1667 lis

195 1729 200 1738 .
260 1695 354 1741 textu:
382 1690 428 1754 qui
447 1695 474 1736 et
492 1688 624 1758 ipnoratis
643 1694 669 1736 et
687 1689 866 1757 exspectatis;
894 1689 939 1738 uti
968 1687 1114 1739 ediderunt
1140 1687 1233 1756 Nnug.
1259 1688 1339 1738 ldsuut

259 1759 355 1810 Lamb.
386 1756 465 1808 1566
494 1765 521 1809 et
550 1757 697 1810 Graevius.
743 1757 916 1810 Confirmare
949 1759 1076 1811 videntur
1109 1759 1202 1816 illam,
1219 1760 1340 1810 lectionen

260 1831 348 1882 verba
366 1828 512 1880 Plutarchi
531 1829 559 1878 in
580 1827 632 1880 Cic
653 1828 706 1880 192
726 1826 799 1883 ”Hbs
818 1827 844 1884 δ’
864 1830 982 1904 ἑσπέρας
1000 1826 1101 1900 οὔσης,
1120 1834 1173 1883 καὶ
1191 1836 1249 1886 τοῦ
1267 1828 1340 1900 δῆμον

229 1909 234 1917 ’
259 1903 463 1976 περιμένοντος
482 1899 609 1974 ἀθρόου,
630 1897 781 1972 προελθὼν
801 1903 817 1954 ὁ
835 1901 974 1978 Κικέρων,
994 1904 1045 1953 καὶ
1063 1900 1178 1973 φράσας
1193 1907 1230 1955 τὸ
1243 1905 1339 1975 πρᾶγμα

166 2007 167 2014 .
259 1970 498 2038 solensitanus,
526 1973 578 2022 καὶ
603 1971 979 2088 νροπεμφθεὶςπαρῆλθεν
999 1977 1038 2036 εἰς
1058 1970 1159 2024 οἰκίαν
1179 1969 1272 2040 φίλου
1288 1986 1339 2038 γειτ-

253 2045 388 2108 ⁴rrecivrog.
417 2069 449 2079 -
487 2039 634 2090 Ernestius
660 2040 807 2090 lectionem
832 2039 867 2088 ed
889 2076 895 2088 .
921 2046 1006 2104 vett-e
1038 2039 1189 2108 ipnoratis,
1220 2058 1253 2090 ex
1278 2038 1339 2094 actis,

260 2113 375 2180 quaein
394 2110 474 2161 Parr.
496 2110 620 2178 [marg.
641 2110 688 2162 10.
706 2111 846 2160 nonnullis
865 2110 944 2163 Bavv
978 2117 1006 2162 ct
1025 2109 1121 2160 Ursini
1146 2111 1229 2160 codd.
1248 2111 1338 2177 legitur,

242 2183 399 2244 restituit,
419 2181 495 2250 quod
513 2199 566 2231 non
585 2181 748 2251 simpliciter
767 2183 807 2232 sic
827 2188 980 2250 exspectare
997 2181 1115 2232 dicatur.
1151 2180 1237 2232 Istud
1252 2181 1339 2248 quiden

257 2253 373 2306 verbum
392 2253 501 2320 saepius
521 2251 647 2304 absolute
665 2253 785 2320 positum
804 2251 926 2319 legitur,
953 2253 993 2302 ita
1011 2257 1119 2315 tannen,
1146 2257 1179 2302 ut
1196 2251 1338 2321 plerumque

258 2323 448 2392 conjunctivus
467 2322 547 2376 verbi
566 2341 626 2373 cum
643 2324 805 2391 particulis:
834 2329 882 2384 nt,
914 2325 954 2383 si,
989 2324 1069 2382 dum,
1096 2319 1203 2385 donec3
1232 2323 1276 2376 vel
1297 2336 1339 2372 cun

256 2394 472 2463 pronominibus
489 2393 699 2462 interrogativis
725 2399 865 2462 sequatur.
904 2391 1183 2445 crassantur
1203 2411 1264 2462 pn:
1300 2390 1339 2439 Nee

255 2481 320 2516 vero
340 2463 543 2533 exspectandum
562 2472 617 2522 est,
645 2465 706 2515 dura
725 2465 757 2534 alp
776 2482 846 2516 remo
867 2463 983 2536 inflexo,
1010 2471 1058 2514 aut
1082 2464 1115 2515 de
1133 2463 1206 2514 collo
1226 2463 1339 2515 columbae

156 2559 160 2566 ·
255 2534 434 2603 respondeam.
473 2535 557 2587 Verr.
576 2533 665 2586 1151
686 2553 745 2604 pn:
780 2535 878 2585 Nolite
892 2543 1062 2605 exspectare,
1081 2533 1142 2584 dum
1162 2553 1250 2585 omnm
1268 2535 1338 2584 olem

257 2607 379 2656 oratione
397 2622 454 2656 mea
479 2608 612 2657 ciuitates.
648 2613 691 2658 et:
720 2609 911 2676 exspectabant
936 2605 1069 2664 homines,
1097 2604 1227 2672 quidnam
1250 2611 1337 2654 acturus

255 2681 333 2742 esset.
371 2672 451 2724 Caes.
473 2675 534 2726 Giv.
553 2675 626 2726 162
662 2677 755 2744 Neque
777 2683 948 2746 exspectant,
977 2676 1048 2745 quod
1071 2677 1255 2744 superioribus
1279 2672 1337 2724 arui

256 2746 409 2804 acciderat,
437 2751 467 2793 ut
491 2743 524 2794 de
549 2763 637 2797 eorum
663 2750 771 2817 imperio
797 2749 834 2799 ad
849 2747 975 2817 populum
997 2746 1151 2816 referretur.
1188 2747 1224 2797 11
1242 2745 1337 2814 M-pnt

180 2825 183 2830 '
221 2811 226 2822 ’
257 2817 364 2872 Vallem
382 2822 491 2881 uterque
508 2815 532 2866 si
551 2816 767 2869 aduersariorum
784 2819 877 2888 copiae
904 2820 1024 2874 tramire,
1045 2824 1225 2878 conarentur,
1252 2830 1337 2885 exspre-

254 2889 340 2940 tabat.
361 2915 392 2926 -
429 2885 509 2937 Pare.
530 2883 558 2937 5.
576 2881 606 2938 ll.
626 2888 653 2938 ⁷.
672 2890 759 2940 Barb.
778 2889 929 2959 praebente
948 2889 1108 2958 exspectatis
1128 2905 1162 2938 ex
1181 2891 1260 2940 actis.

307 2959 349 3009 ΙΙ.
382 2957 476 3026 paucis
502 2964 565 3008 onte
591 2957 693 3010 diebus.
729 2960 820 3027 Nocte
847 2963 1025 3029 intempesta,
1054 2978 1124 3027 quae
1148 2966 1245 3011 secuta
1270 2953 1336 3009 estl-

254 3029 300 3080 vl
326 3028 392 3078 Kal.
419 3025 488 3080 Nor.
525 3045 551 3080 v.
578 3045 662 3096 supra
687 3047 751 3099 pag.
782 3029 842 3082 154
869 3037 896 3082 et
925 3029 993 3082 163.
1029 3029 1109 3080 Hanc
1134 3019 1336 3081 orationcmlll

253 3100 348 3152 Nonas
376 3098 524 3150 Decembre
551 3097 673 3150 habitam
698 3119 775 3160 esse,
808 3099 934 3160 indicant
959 3100 1046 3154 verba
1074 3099 1135 3151 Cic.
1164 3102 1194 3150 in
1221 3098 1265 3151 lv
1289 3095 1334 3148 co.

255 3169 292 3232 li,
313 3169 367 3221 10:
403 3167 433 3218 Is
459 3178 485 3219 et
510 3169 607 3220 stadius
634 3173 728 3222 tertius
753 3172 781 3222 in
803 3173 951 3222 custodiam
969 3174 1039 3223 ciues
1056 3170 1192 3224 Romanos
1211 3169 1297 3227 dedit,
1317 3169 1335 3213 el

253 3240 473 3310 supplicationem
492 3240 557 3290 mibi
575 3241 701 3299 decrevit,
721 3250 747 3293 et
766 3241 866 3294 indices
884 3242 1006 3293 besterna
1024 3240 1212 3292 cismarinis
1229 3237 1334 3311 praculis

254 3311 364 3381 allidi,-
393 3317 421 3362 et
445 3310 495 3372 illa
514 3330 546 3362 ex
566 3331 609 3382 ep.
631 3312 646 3369 l
667 3314 703 3363 ad
720 3315 782 3364 Aet.
801 3313 850 3365 112
889 3312 1009 3382 Septima
1035 3314 1141 3376 (oratio
1168 3309 1334 3368 consularis),

199 3435 202 3440 ,
253 3399 308 3450 qua
328 3378 475 3432 Catilinam
494 3383 587 3443 emisi,·
608 3391 713 3441 octava,
732 3381 811 3451 quam
826 3383 909 3434 babai
924 3383 960 3434 ad
971 3383 1098 3453 populum
1112 3383 1334 3452 postridieque*

255 3451 378 3504 Catilina
393 3451 533 3523 prolupit3
553 3471 624 3504 nona
642 3457 671 3503 in
690 3456 828 3513 concione,
848 3451 899 3521 quo
918 3454 962 3506 dic
979 3454 1143 3524 Allobroges
1163 3454 1332 3525 inculpaverit

252 3524 354 3578 decim
374 3525 403 3575 in
420 3530 516 3592 sepatu
533 3523 619 3575 Nonis
638 3524 833 3576 Decembribus.

305 3595 450 3666 ejiciebam.
488 3611 513 3646 v.
532 3595 607 3645 iufra
627 3593 646 3645 ⁷
666 3603 695 3647 et
712 3596 745 3646 11
765 3595 828 3649 Cat.
851 3595 876 3647 l.
896 3590 925 3646 6.
1181 3639 1183 3646 ,

305 3665 428 3718 sedtum.
465 3664 626 3718 Particulae
642 3667 704 3724 sed,
731 3668 816 3736 ipitur
834 3666 942 3735 saepius
962 3663 1081 3716 orationi
1093 3669 1158 3733 post
1174 3657 1333 3734 parenthesis

253 3737 453 3790 continuandae
469 3737 630 3790 inserviunt.
669 3736 731 3789 cie.
751 3737 806 3788 Oli.
822 3737 913 3802 150,
934 3733 1009 3787 1052
1047 3734 1079 3785 Si
1105 3735 1165 3800 quis
1193 3741 1233 3784 cst
1254 3727 1332 3803 paullo

251 3805 289 3858 ad
304 3807 454 3876 voluptates
466 3809 643 3878 propensior,
671 3807 746 3859 modo
766 3823 798 3858 nc
815 3810 853 3860 rit
868 3825 903 3858 ex
917 3805 1046 3876 pecudum
1062 3822 1157 3874 ponere
1186 3809 1263 3870 (runt
1278 3799 1332 3850 enin

252 3875 361 3943 quidam
376 3875 491 3928 borsines
509 3895 562 3928 non
576 3896 619 3936 re,
638 3877 685 3930 sed
699 3878 838 3942 uomitu),
865 3877 913 3929 red
932 3878 1033 3943 siquis
1054 3882 1095 3926 cst
1110 3875 1203 3944 paullo
1222 3872 1331 3926 erectior,
1390 3902 1391 3905 =

252 3941 370 3996 o'eeultat
387 3955 414 3996 ct
427 3947 580 4000 dissimulat
595 3950 740 4018 appetitum
754 3949 902 4018 uoluptatis
913 3954 1026 4016 propter
1040 3946 1234 3997 uerecundiam.
1254 3942 1330 3995 orat.

249 4017 364 4068 Parcite.
382 4015 424 4067 os
442 4036 484 4086 pr.
498 4041 505 4069 a
531 4019 566 4068 ln
581 4020 735 4089 conjectura
753 4021 838 4092 ipitur
853 4019 1005 4070 accusatori
1021 4017 1086 4068 baec
1101 4016 1153 4067 duo
1166 4015 1329 4086 primaeuo

230 4093 235 4103 ‘
250 4087 309 4153 (scd
321 4093 501 4140 accusatorem
509 4108 561 4160 pro
578 4092 648 4142 orani
662 4098 753 4142 actore
768 4099 794 4140 et
803 4092 920 4159 petitore
939 4089 1061 4159 appellor
1075 4095 1189 4155 paratust
1204 4081 1329 4136 caineto)

248 4157 297 4210 sed
310 4158 375 4210 baec
391 4157 443 4208 duo
460 4163 562 4218 suntet
576 4153 680 4230 prima}
699 4179 782 4212 casua
800 4168 827 4212 et
843 4168 959 4212 euentus.
985 4158 1074 4227 Legg.
1091 4156 1124 4208 Π
1144 4157 1178 4219 l,
1197 4156 1233 4209 ssa
1256 4153 1328 4206 Aule·

249 4231 386 4288 mirabar,
421 4234 436 4294 (
440 4231 509 4281 nibil
533 4230 600 4282 enim
626 4233 669 4284 bis
695 4234 724 4284 in
744 4232 827 4290 loeis,
852 4233 907 4284 nisi
926 4249 998 4282 saxa
1016 4237 1042 4280 et
1060 4237 1158 4280 montes
1178 4225 1327 4301 copitale

248 4299 328 4368 idque
345 4303 415 4360 cte.)
432 4299 643 4361 sednirabar,
670 4311 705 4354 ut
723 4303 822 4361 dixi,
851 4310 950 4354 tetam
966 4300 1047 4354 valde
1064 4299 1113 4352 boe
1132 4299 1189 4352 loco
1207 4297 1325 4374 delectsp·

247 4370 357 4424 Acsdd.
383 4369 418 4424 11
444 4369 481 4432 ⁷,
509 4372 566 4424 22:
605 4373 685 4436 Quod
704 4373 730 4424 si
751 4380 838 4425 essent
858 4371 948 4444 [blane
969 4371 1098 4431 multu.
1124 4369 1253 4436 (ἑννοίας
1273 4375 1325 4414 ‘⁸²¹⁸
