2854 5024
324 357 405 416 eno
424 333 906 430 senneserosnrniso„
1125 361 1181 440 73

68 549 171 613 propa
209 531 250 590 in
282 529 416 592 civitate
452 530 615 593 sincerum
650 539 866 614 sanctumque
892 539 1007 594 restat.
1065 528 1175 595 illene
1187 543 1245 598 ιιι

71 615 167 676 etiam
200 635 274 674 sese
302 621 397 695 putat
420 613 545 699 aliquid
572 635 672 696 posse
694 615 957 698 Chrysogonus?
994 613 1049 676 bie
1080 614 1182 693 etiam,

68 708 187 780 potens
209 695 285 759 ‘esse
306 697 404 758 vult?
426 719 445 758 o
467 720 536 760 rem
556 698 717 772 miseram,
740 707 837 782 atque
860 697 1028 760 acerbam!
1062 697 1178 783 Neque

68 781 274 842 mehercules
297 779 360 840 lroo
382 779 517 860 indigne
539 783 630 856 sero,
663 782 751 866 quod
773 803 907 856 verear,
936 802 978 842 ne
1002 779 1081 864 quid
1102 803 1179 863 pos·

70 866 129 926 sit:
151 887 266 926 verum
311 864 377 924 uod
400 886 497 924 ausus
522 871 585 938 est,
608 865 696 948 qnod
716 865 871 946 speravit,
895 885 969 926 sese
989 864 1075 944 apud
1093 865 1178 926 tales

69 951 155 1010 viros
188 887 317 1032 aliquid
344 947 386 1010 ad
415 948 595 1029 perniciem
624 969 724 1032 posse
755 949 964 1022 innocentis,
996 947 1040 1032 ⁸id
1071 948 1179 1030 ipsum

92 1053 199 1092 ueror.
559 1058 563 1068 ·

71 1055 92 1115 q
130 1103 219 1175 Gens
230 1111 358 1174 XLIX.
391 1113 778 1197 Ideireoneexperreeta
793 1113 950 1176 nobilitas
969 1113 1063 1176 armis
1081 1121 1179 1197 atque

71 1199 156 1258 ferro
178 1197 414 1278 rempublicam
436 1200 666 1278 recuperavit,
706 1207 763 1273 ut,
806 1200 847 1260 ad
877 1198 1048 1260 libidinem
1072 1219 1178 1274 suam,

73 1281 183 1342 liberti
200 1281 390 1365 servulique
409 1271 579 1356 nobilium,
600 1283 698 1356 bona,
720 1283 868 1356 formas
886 1289 1014 1344 vestras
1032 1289 1179 1343 nostras·

74 1386 134 1448 que
155 1385 276 1426 venare
297 1365 463 1446 possent?
506 1365 543 1426 Si
562 1365 598 1426 id
621 1374 727 1426 aetum
750 1374 814 1440 est,
837 1368 943 1427 fateor
965 1387 1014 1426 me
1037 1370 1248 1438 errasseudss

76 1447 211 1532 quibos
234 1448 422 1508 maluerim:
456 1449 563 1510 fateor
584 1449 769 1522 insanisse,
801 1449 951 1531 qui-eum
972 1446 1041 1508 illis
1066 1469 1179 1517 sense·
1275 1457 1277 1465 “

75 1532 150 1604 rim:
177 1532 311 1592 tametsi
334 1531 491 1606 inermis,
513 1532 661 1606 iudices,
685 1532 784 1594 sensi.
828 1532 888 1594 Sin
911 1539 1017 1612 autem
1038 1530 1179 1594 victoria

76 1614 229 1675 nobilium
251 1622 441 1676 ornamento
464 1623 562 1698 atque
582 1615 799 1682 emolumento
818 1614 1020 1697 reipublicae
1039 1614 1179 1696 populo·

80 1719 140 1782 que
160 1699 305 1768 Romano
328 1698 428 1758 debet
452 1719 545 1758 esse:
578 1707 646 1760 tum
668 1721 746 1760 vero
769 1699 891 1779 optimo
915 1705 949 1760 et
970 1697 1178 1778 nobilissimo

81 1780 192 1864 eoique
213 1803 313 1842 meam
335 1781 516 1844 orationem
532 1783 748 1860 gratissimam
768 1802 841 1842 esse
864 1789 1005 1864 oportet.
1049 1780 1181 1858 Quodsi

84 1865 153 1945 quis
175 1871 245 1936 est,
276 1863 332 1946 qui
356 1871 389 1924 et
412 1886 447 1925 se
470 1872 504 1926 et
526 1886 653 1926 eausam
676 1864 765 1924 laedi
793 1872 909 1946 putat,
941 1887 1013 1928 eum
1036 1865 1181 1948 Chryso·

87 1965 181 2024 genus
210 1950 433 2030 vituperetur:
472 1949 502 2007 is
533 1969 661 2008 eausam
687 1949 837 2028 ignorat,
877 1969 912 2009 se
939 1947 1050 2029 ipsum
1074 1965 1179 2028 prope
1251 1943 1258 1960 ’

88 2048 147 2090 uon
173 2031 269 2092 novit.
305 2029 434 2114 ,causa
463 2031 547 2091 enim
576 2031 783 2111 splendidior
810 2031 888 2104 fiet,
928 2030 957 2090 si
978 2030 1178 2113 nequissimo

87 2115 192 2197 cuique
213 2114 399 2174 resistetur.
443 2112 508 2174 Ille
530 2115 798 2196 improbissimus·
811 2113 1018 2198 Chrysogoni
1048 2113 1178 2184 fautor,

82 2198 133 2276 qui
152 2198 212 2258 sibi
236 2219 309 2258 eum
330 2197 389 2284 illo
411 2197 572 2258 rationem
594 2199 860 2259 communicatam
880 2206 998 2292 putat,
1017 2193 1177 2270 laeditur,

80 2300 145 2340 eum
165 2281 203 2341 ab
227 2279 292 2342 hoe
315 2281 491 2362 splendore
515 2302 630 2342 causae
655 2289 834 2363 separatur.
1090 2333 1094 2344 t

135 2365 256 2426 Verum
279 2363 359 2424 haee
383 2365 486 2424 omnis
510 2364 615 2426 oratio
638 2365 783 2449 (utiam
807 2373 882 2426 ante
905 2357 996 2448 dixi)
1018 2374 1090 2426 mea
1109 2367 1247 2426 εειιιιδ
1272 2367 1278 2374 ’

80 2469 136 2528 qua
156 2471 204 2508 me
230 2448 282 2508 uti
302 2447 510 2529 respublica,
534 2456 568 2507 et
590 2448 684 2509 dolor
707 2469 821 2521 meus,
844 2457 879 2510 et
898 2449 1035 2510 istorum
1058 2447 1178 2508 iniuria

78 2531 188 2612 coegit.
236 2532 304 2591 Sed
327 2532 467 2590 Roscius
490 2530 604 2590 borum
627 2532 675 2591 nil
695 2531 863 2612 indignum
881 2540 994 2614 putat:
1017 2529 1179 2606 neminem

77 2624 222 2676 accusat:
268 2613 353 2674 nihil
371 2615 421 2675 de
454 2635 512 2674 suo
542 2615 738 2695 patrimonio
762 2614 924 2698 queritur:
956 2623 1059 2697 ,putat
1081 2615 1178 2676 homo
1225 2619 1226 2624 ’

75 2695 242 2778 imperitus
264 2709 407 2773 morum,
431 2686 574 2778 apricola
597 2706 629 2758 et
651 2700 814 2773 rusticus,
846 2699 912 2761 ista
934 2700 1060 2773 omnia,
1093 2717 1184 2780 quae·

75 2799 128 2840 vos
149 2804 209 2864 per
235 2781 358 2842 Sullam
380 2789 472 2862 gesta
494 2804 567 2842 esse
583 2781 722 2857 dicitis,
744 2803 856 2854 more,
878 2783 975 2863 lege,
1005 2781 1078 2844 iure
1100 2803 1178 2861 gen·

75 2863 149 2924 tium
179 2867 290 2928 faeta:
334 2864 441 2945 eulpa
459 2864 639 2938 liberatus,
673 2873 708 2929 et
736 2866 868 2926 erimine
898 2867 1025 2928 nefario
1048 2864 1175 2925 'solutus

78 2948 203 3028 cupita
224 2949 319 3010 vobis
336 2948 519 3024 discedere.
562 2949 599 3008 Si
616 2949 677 3009 hae
695 2949 829 3030 indigna
848 2943 1036 3030 suspicione
1054 2955 1175 3020 eareat,
1186 2959 1247 3015 144

78 3033 176 3092 anitno
200 3055 306 3114 aequo
330 3053 365 3092 se
386 3033 585 3093 earere‘suis
604 3033 752 3094 omnibus
771 3033 946 3094 commodis
969 3033 1060 3093 dicit.
1082 3037 1178 3109 rogat
1236 3058 1238 3061 ·
1311 3043 1314 3050 ’

79 3123 207 3200 oratque
233 3124 279 3188 te,
301 3115 529 3200 Chrysopone,
553 3116 582 3187 si
601 3115 684 3174 nihil
704 3118 743 3175 de
762 3117 865 3198 patris
883 3116 1023 3177 fortunis
1046 3113 1178 3195 amplis·
1242 3181 1244 3183 ¹

80 3197 163 3260 simis
186 3202 224 3259 in
248 3220 337 3258 suam
359 3221 427 3260 rem
450 3199 631 3260 convertit:
654 3199 745 3259 nulla
766 3199 801 3258 in
822 3221 857 3260 re
880 3207 914 3260 te
937 3198 1117 3260 fraudavit:
1150 3196 1179 3256 si

79 3281 135 3341 tibi
157 3282 281 3364 optima
303 3279 366 3343 fi'de
391 3305 448 3344 sua
471 3283 778 3356 omnia'eonoessit‚
802 3280 1036 3356 adnumeravit,
1060 3301 1179 3362 appen-

74 3362 147 3437 tit:
185 3366 216 3426 si
240 3367 412 3440 vestitum,
453 3390 516 3450 quo
538 3367 610 3448 ipse
633 3373 741 3427 tectus
766 3375 858 3440 erat,
898 3365 1115 3447 annulumque
1139 3363 1180 3422 de

80 3446 175 3527 digito
197 3472 291 3510 suum
308 3451 464 3512 tradidit:
489 3450 518 3511 si
532 3471 572 3510 ex
591 3449 737 3511 om'uibus
753 3449 851 3510 rebus
869 3470 905 3510 se
923 3450 1030 3531 ipsum
1046 3447 1180 3518 nudum,

130 3676 245 3748 §.ML
282 3680 378 3733 Hisne.
417 3683 523 3735 Similis
544 3689 585 3734 est
603 3683 681 3736 loeus
700 3684 728 3732 in
746 3672 831 3733 Veir.
850 3681 887 3733 A.
909 3679 964 3733 ss.
1003 3679 1062 3742 Quo
1082 3675 1183 3748 majore

81 3751 172 3810 etiam,
191 3755 216 3803 si
234 3753 295 3824 fieri
311 3760 415 3824 potest,
434 3754 506 3823 apud
523 3771 571 3804 vos
591 3754 652 3804 odio
671 3772 727 3804 esse
745 3753 836 3810 debet,
856 3769 935 3820 quom
953 3758 993 3802 est
1010 3749 1084 3819 apud
1097 3767 1182 3835 popu·
1291 3811 1295 3814 ι

82 3818 131 3940 lurp
148 3821 314 3882 Romnum,
342 3843 400 3875 eum
417 3825 446 3898 in
472 3826 611 3884 avaritia,
645 3825 759 3884 scelere,
792 3823 915 3894 purpurio
941 3840 989 3888 uos
1014 3823 1059 3872 ,ιιιί
1083 3820 1183 3872 similes

82 3907 112 3939 ar
128 3892 233 3944 itretur.
977 3903 979 3908 '

130 3962 239 4014 XLIX.
272 3965 295 4032 ᾖ
317 3963 385 4026 illd.
421 3963 521 4033 Rogat.
558 3963 701 4018 liaudatur
719 3963 764 4017 bie
784 3965 862 4015 loeus
881 3961 915 4012 ab
934 3962 1040 4029 Aquila
1058 3961 1183 4012 Romano

83 4031 152 4084 inter
180 4035 304 4102 exempla
328 4035 532 4104 apostrophos,
562 4043 595 4088 et
623 4037 656 4086 ab
682 4037 761 4086 Julio
787 4033 933 4086 Rufiniano
959 4035 1033 4084 iuter
1060 4031 1184 4100 exempla
1227 4077 1230 4100 ι
1280 4034 1284 4049 '

85 4101 299 4167 obsecrationis,
318 4108 363 4158 vel
383 4106 576 4158 obtestationis
596 4111 673 4178 μετὰ
687 4107 832 4180 εἰρωνείας
868 4122 895 4173 p.
910 4102 977 4154 'too
996 4110 1024 4155 et
1043 4098 1112 4154 208.

133 4175 165 4226 de
184 4176 279 4246 atquo.
315 4177 350 4227 In
370 4178 450 4229 libris
468 4177 554 4237 Msis,
582 4177 644 4228 edd.
665 4176 745 4227 Rom.
772 4168 862 4228 Venn.
887 4175 1009 4242 legitur:
1047 4171 1183 4224 annulum·
1288 4195 1293 4201 ·

86 4257 132 4306 que
150 4245 232 4298 dedit.
263 4266 292 4298 os
310 4265 384 4300 :uum
400 4249 454 4312 ¹tibi
472 4247 588 4314 tradidit
595 4269 605 4308 ,-
626 4247 868 4316 qnod'lllenardus
885 4247 1102 4316 interpretatur:
1129 4258 1184 4292 non
1209 4240 1213 4248 '

88 4321 127 4364 est
143 4322 171 4369 te
190 4324 348 4380 aversatus,-
370 4325 399 4370 et
416 4315 625 4370 Hotomanus:
644 4335 753 4386 semper
770 4317 823 4369 tibi
837 4324 951 4386 praesto
964 4317 1028 4375 luit,
1047 4331 1184 4382 nunquam

88 4387 159 4438 tuum
186 4396 324 4460 aspertum
349 4389 590 4462 praesentiamque
615 4391 734 4452 vitavit:
769 4405 858 4458 pomp.
878 4387 945 4442 Ter.
964 4387 1020 4441 Ad.
1038 4384 1129 4450 ue,
1147 4379 1183 4434 6:
