2802 5028
246 343 315 440 ,π
646 358 976 416 enarro

259 539 327 592 tum
348 525 476 591 bellum·
491 529 702 610 gerebamus:
733 537 788 602 ut,
810 547 882 594 eum
904 525 1030 588 duobus
1051 527 1087 588 in
1106 523 1190 587 locis
1209 523 1334 586 disiunc-

260 611 396 674 tissimis
417 613 615 696 maximeque
633 613 793 686 diversis,
822 632 885 672 nno
908 603 1047 674 consilio
1069 633 1087 670 a
1108 607 1194 670 binis
1216 606 1335 670 bostium

156 751 160 757 .
261 693 365 775 copiis
393 693 516 756 bellum
546 702 633 756 terra
654 696 797 778 marique
820 701 1009 774 gereretur,
1041 714 1099 754 vos
1123 691 1258 772 ancipiti
1277 713 1336 753 con-

259 780 407 838 tentione
439 777 603 852 districti,
645 779 685 838 de
717 777 852 858 imperio
886 776 1105 838 dimicaretis..
1156 775 1224 834 Sed
1249 781 1336 834 tamen

261 861 395 921 alterius
416 889 417 892 ¹
442 863 521 920 artis
546 861 744 940 periculum,
765 860 972 921 Sertorianae
995 866 1027 919 at
1051 881 1092 920 ue
1111 857 1336 939 Hispaniensis,

260 964 342 1026 quae
364 966 393 1003 ru
431 950 465 1003 to
488 944 562 1026 plus
585 944 774 1005 firmamenti
796 965 833 1004 ae
855 943 981 1004 roboris
1000 883 1160 1014 bibebat,
1183 941 1244 1002 Cn.
1261 939 1337 1001 Pon·

259 1027 326 1110 peii
352 1027 462 1087 divino
486 1026 623 1089 consilio
648 1051 684 1089 ac
708 1025 865 1108 singulari
885 1026 1006 1088 virtute
1030 1024 1200 1106 depulsum
1223 1029 1287 1084 est:
1312 1023 1339 1082 in

251 1110 365 1176 ¹alteru
387 1115 479 1190 parte
501 1111 621 1172 iteres
644 1133 663 1170 u
685 1107 721 1172 la.
739 1108 900 1182 Lucullo,
924 1131 1044 1170 summo
1066 1109 1156 1181 viro,
1186 1113 1238 1166 est
1259 1105 1338 1166 adni-

259 1192 421 1265 nistrata,
451 1201 487 1253 nt
511 1193 605 1254 initia
629 1194 687 1254 illa
710 1201 870 1274 gestarum
889 1213 993 1254 rernm
1012 1213 1126 1274 magna
1147 1198 1245 1275 atque
1264 1209 1338 1270 prae·

261 1275 350 1335 clara
368 1295 433 1335 uon
452 1276 605 1336 felicitati
627 1277 717 1354 eius,
739 1276 799 1338 sed
820 1275 952 1348 ¹virtuti,
975 1274 1056 1348 baec
1075 1282 1181 1334 autern
1203 1271 1338 1343 extrema,

261 1380 344 1441 quac
374 1379 479 1440 nuper
512 1359 721 1432 acciderunt,
758 1380 824 1420 non
854 1357 988 1440 culpae,
1029 1358 1089 1418 sed
1119 1358 1269 1418 fortunae
1295 1355 1338 1415 tri·

260 1441 390 1501 bcenda
412 1463 485 1502 esse
506 1441 688 1504 rideantur.
731 1441 799 1503 Sed
820 1442 861 1503 de
883 1439 1024 1502 Lucullo
1047 1441 1151 1502 dicam
1175 1439 1242 1499 alio
1262 1439 1337 1509 loco,

262 1531 295 1582 et
317 1523 363 1584 ita
385 1523 509 1597 dicam,
541 1525 711 1601 Quirites,
740 1532 782 1596 ut¹
807 1545 912 1608 neque
942 1522 1019 1586 ver'a
1047 1523 1119 1584 laus
1151 1523 1182 1582 ei
1210 1522 1339 1582 detracta

214 1611 253 1666 10
263 1608 408 1667 oratione
439 1616 572 1682 nostra,
611 1629 715 1692 neque
744 1607 827 1668 falsa
857 1609 960 1670 afficta
994 1627 1066 1668 asse
1098 1606 1259 1667 videatur.
1302 1603 1339 1662 lle

262 1691 364 1750 vestri
386 1691 514 1770 imperii
536 1691 694 1772 dignitate
718 1699 814 1774 atque
837 1691 953 1772 gloria,
976 1691 1125 1774 quoniam
1141 1689 1171 1749 is
1192 1696 1245 1750 est
1267 1709 1340 1748 exor-

263 1792 318 1832 sus
351 1773 507 1835 orationis
536 1795 646 1844 meae,
677 1775 810 1848 videte,
842 1795 936 1858 quern
959 1773 1060 1840 *vobis
1089 1773 1229 1833 animum
1258 1769 1339 1832 susci·

57 1923 60 1930 ¹
162 1911 166 1919 ‚
261 1854 415 1934 piendum
435 1857 569 1937 'putetis
616 1909 618 1914 .
902 1921 906 1929 ,
980 1905 982 1910 ,
1018 1913 1020 1918 ,

214 1947 251 1998 tt
326 1938 404 2000 Gar.
419 1940 460 2001 V.
488 1939 632 2002 Maiores
650 1939 755 2002 nostri
772 1961 883 2022 saepe,
903 1939 1137 2001 mercatoribus
1155 1935 1338 2000 aut‘narien·

211 2036 224 2061 ⁹
261 2020 353 2082 lariis
367 2023 488 2084 nostris
501 2024 527 2102 ι)
543 2023 731 2085 iniuriosius
746 2017 910 2097 tractatis,
923 2022 1013 2084 bella
1027 2029 1219 2102 gesserunt:
1239 2042 1294 2082 vos
1305 2023 1340 2078 tot

263 2105 379 2166 civium
396 2092 609 2169 Romanorum
625 2106 782 2180 millibus,
803 2129 866 2169 uno
883 2108 995 2166 nuntio
1014 2113 1111 2187 atque
1130 2126 1194 2164 uno
1213 2112 1340 2186 tempore

1261 2219 1341 2234 ..a

221 2355 223 2360 y
316 2294 346 2363 l)
364 2295 490 2364 Majorcs.
505 2265 592 2348 rostri
611 2325 643 2336 -
663 2313 694 2347 nc
712 2297 890 2350 naviculariis
908 2298 1076 2368 injuriosius.
1122 2308 1124 2316 ·

264 2472 353 2522 ceteri
371 2488 430 2521 eum
450 2473 512 2522 edd.
531 2472 609 2525 llam.
630 2472 718 2524 Venn.
739 2472 829 2528 1479.
848 2473 896 2524 80.
915 2472 963 2526 85.
982 2473 1032 2526 99.
1049 2491 1154 2542 marg:
1173 2472 1308 2530 electanis,
1322 2475 1341 2520 et

262 2543 334 2592 Ven.
356 2536 435 2592 ¹499
454 2548 472 2608 t.
492 2541 659 2602 Ecbatanis,
691 2543 792 2612 probb.
812 2543 924 2595 Hotom.
943 2545 1041 2597 Manut
1070 2553 1098 2596 et
1117 2543 1260 2604 Graevio,
1287 2537 1342 2610 quod

169 2627 171 2632 ’
264 2613 402 2678 Tigranes
428 2612 586 2672 Ecbatana,
612 2613 721 2666 Mediae
744 2621 843 2683 eaput,
871 2615 1001 2666 tenuerit.
1043 2616 1085 2667 At
1105 2615 1166 2667 cie.
1194 2616 1223 2665 in
1242 2607 1342 2665 verul

264 2682 322 2734 54:
358 2680 420 2750 Ipse
439 2681 578 2753 [Verres]
596 2695 781 2754 myoparonem
794 2684 1002 2753 pulcherrimum
1019 2684 1052 2735 L.
1072 2685 1167 2757 diripio
1194 2693 1219 2734 et
1239 2684 1271 2738 11.
1288 2680 1341 2731 Fas·

263 2754 325 2811 nio,
351 2753 398 2818 pai
415 2751 514 2821 Myndi
531 2754 706 2814 babitabant,
730 2755 861 2808 uendidit.
881 2784 913 2794 -
949 2755 1009 2806 Hoc
1028 2754 1073 2807 illi
1091 2755 1201 2827 nauigio
1221 2755 1258 2806 ad
1275 2765 1341 2803 annet

262 2819 355 2893 populi
373 2822 406 2873 R.
426 2823 515 2874 bostar
534 2843 616 2892 nsque
635 2828 668 2876 ab
688 2826 797 2883 Dianio,
816 2826 888 2894 quad
906 2827 936 2876 in
947 2817 1092 2896 ¹Hispania
1110 2833 1159 2884 est,
1179 2825 1216 2876 ad
1235 2824 1341 2892 Sinopen

263 2895 379 2961 quaein
398 2894 484 2943 Ponto
503 2902 559 2954 est,
579 2897 792 2967 navigares-unu
813 2903 841 2948 et
858 2897 995 2949 Asconius
1015 2897 1051 2946 ad
1068 2896 1094 2947 b.
1109 2898 1152 2958 ·l.=
1187 2895 1228 2946 Hi
1244 2889 1342 2960 tranfr-

282 2983 313 3016 ae
335 2963 406 3032 facti
429 2981 445 3013 a
464 2964 592 3016 Mariano
617 2969 736 3017 exercitu
765 2967 817 3034 [de
842 2969 961 3018 exercitu
987 2968 1124 3018 Fimbriam
1144 2965 1259 3038 profugi
1277 2964 1341 3015 (tros

262 2984 308 3085 ill
325 3034 365 3102 2]
385 3033 457 3103 opud
475 3035 661 3086 Mithridatem
679 3044 803 3108 agentes,
822 3039 856 3088 ab
879 3038 967 3089 eodem
986 3056 1047 3109 repe
1066 3036 1102 3088 ad
1120 3035 1270 3089 Sertorium
1286 3030 1341 3084 mim

263 3111 342 3157 erant
358 3104 391 3154 de
407 3107 569 3173 paciscenda
595 3109 723 3158 societate
749 3105 816 3158 belli
839 3107 968 3160 adversus
987 3109 1130 3174 Romanos.
1155 3137 1187 3149 -
1224 3107 1287 3156 Mox
1303 3103 1340 3152 Fa·

262 3175 412 3233 bricionus‚
431 3175 619 3238 Memminnus,
638 3178 807 3228 Werdensis
819 3196 886 3244 'curn
904 3181 1066 3234 melioribus
1084 3176 1156 3231 Poll.
1175 3176 1257 3229 Parr.
1274 3177 1341 3224 Bart-

262 3245 397 3300 districti,
419 3245 530 3302 Erfurt.
548 3248 636 3298 Emm.
656 3249 699 3298 ed.
719 3249 798 3298 Rom.
817 3249 955 3308 destricti,
975 3250 1056 3310 Puer.
1075 3248 1101 3301 5.
1122 3247 1150 3300 8.
1170 3247 1199 3298 9.
1219 3246 1342 3310 ceterique

264 3332 325 3368 eum
343 3313 448 3368 Venn:
467 3317 601 3369 distracti.
635 3318 761 3370 Frontin.
782 3319 988 3388 Stratcg.15,
1008 3321 1043 3372 liz
1079 3317 1242 3369 Hasdrubal
1260 3311 1341 3368 euersi-

262 3393 318 3436 tum
343 3402 391 3453 per
417 3388 495 3437 urbes
519 3388 621 3440 diuisit.
660 3387 708 3440 Ita
730 3388 904 3458 factumest,
931 3399 960 3440 ut
980 3389 1087 3461 Scipio,
1115 3408 1147 3440 ne
1167 3386 1341 3460 oppugnatione

259 3456 380 3528 plurium
411 3457 565 3526 oppidorum
596 3458 820 3530 distringeretur,
854 3461 884 3512 in
910 3459 1022 3512 hiberna
1049 3476 1111 3510 suos
1139 3461 1283 3510 reduceret.
1322 3466 1340 3500 t·

265 3527 447 3596 Oudendorp.
467 3529 503 3578 ad
520 3529 547 3580 b.
566 3530 585 3581 l.
604 3529 682 3581 Flor.
701 3531 751 3582 111
770 3529 807 3592 ii,
826 3528 854 3580 il.
889 3529 934 3582 IV
953 3531 991 3582 12
1010 3550 1054 3601 pr.
1079 3529 1151 3599 Nep.
1170 3527 1289 3581 Monnib.
1306 3519 1341 3574 15·

265 3603 293 3649 et
312 3595 372 3648 cie.
392 3598 465 3649 Pbil.
484 3599 530 3650 xl
548 3598 567 3650 2
588 3607 655 3652 extr.
672 3631 703 3642 -
726 3599 761 3656 ,de
779 3602 863 3652 uestri
882 3607 924 3654 est
940 3603 968 3651 in
989 3600 1088 3656 Goion.
1108 3600 1170 3652 Erf.
1189 3591 1340 3650 Werdensit

264 3665 312 3718 scd
328 3670 412 3718 uestri
430 3670 458 3719 in
476 3670 544 3722 Bor.
564 3669 645 3721 Parr.
665 3671 693 3724 2.
712 3671 738 3722 l.
759 3669 879 3739 [nostri]‚
898 3670 917 3722 6
940 3673 1003 3740 [om.
1022 3669 1128 3738 aestriJ,
1146 3669 1193 3722 sed
1207 3685 1258 3740 pro
1275 3660 1341 3717 aetln'

265 3740 293 3790 in
312 3739 421 3789 ceteris.
440 3739 529 3790 videte
546 3769 578 3780 -
594 3743 696 3809 putetis
713 3759 739 3794 r.
758 3743 836 3792 int'ra‘
849 3743 873 3810 5.
894 3740 934 3794 26
954 3749 982 3794 et
998 3739 1048 3794 46.
1066 3760 1094 3812 p.
1110 3741 1140 3792 S.
1155 3739 1279 3808 Rosc..§.
1288 3729 1339 3788 155·

317 3807 353 3859 V.
390 3808 510 3879 Majorer
529 3812 624 3862 nostri.
647 3812 698 3864 ste
715 3813 742 3864 b.
754 3813 774 3863 l.
793 3819 821 3863 et
839 3813 913 3864 inira
930 3813 952 3881 5.
972 3812 1010 3865 Μ
1027 3813 1155 3882 plerique
1173 3810 1254 3861 Parr.
1271 3810 1339 3858 narr.

264 3878 338 3928 Pali.
350 3877 549 3942 Guilielmiani,
567 3888 686 3950 uterque
696 3882 795 3934 Froue.
806 3883 894 3934 Burb.
915 3883 976 3935 edd.
994 3889 1062 3936 vett.
1083 3901 1143 3933 enm
1154 3877 1306 3934 Erfurteusi
1321 3875 1340 3922 et

264 3948 418 4016 Anonymo.
454 3951 519 4003 Mox
537 3952 650 4003 Fabric.
668 3953 827 4022 Anonymus
847 3960 875 4004 et
892 3948 1081 4007 Ertnrtensiss
1107 3961 1157 4004 aut
1182 3943 1339 4002 maculatis

266 4021 379 4075 nostris,
407 4021 478 4072 unde
500 4029 618 4094 propter
637 4025 791 4092 scripturae
811 4027 998 4092 compendium
1024 4025 1124 4094 [Pare.
1143 4022 1172 4074 2.
1191 4021 1217 4074 ὅ.
1236 4019 1264 4072 6.
1281 4016 1304 4067 7·
1318 4009 1339 4062 3·

264 4091 292 4140 b.
313 4107 337 4141 c.
357 4088 438 4141 051:
466 4100 514 4142 aut
531 4095 706 4156 navictorib'5
732 4094 820 4145 Emm.
841 4095 917 4147 01¹.
934 4095 1031 4146 Rern:
1060 4102 1107 4162 atq
1132 4079 1338 4148 naviculatoril’i

265 4167 355 4212 ortum
375 4167 417 4211 est
435 4163 509 4230 vulg.
528 4165 766 4216 naviculatoribus.
804 4163 976 4216 Navieularii
1000 4167 1146 4225 dicuntur,
1172 4163 1218 4232 qui
1241 4154 1338 4213 traete

265 4239 330 4282 runt
348 4231 487 4283 frumenta
504 4233 532 4284 in
550 4234 656 4296 urbem,
676 4242 724 4286 aut
735 4234 897 4304 ubicumque
912 4237 1124 4307 estimperutor.
1142 4237 1173 4286 iu
1181 4234 1261 4284 Verr.
1272 4221 1338 4280 118:

264 4301 323 4350 Ant
338 4301 447 4370 publice
465 4305 588 4356 civitates
606 4307 673 4357 istos
691 4307 805 4357 horrores
823 4306 938 4364 babent,
957 4313 1005 4371 aut
1021 4306 1169 4378 generatim
1185 4303 1302 4354 homines,
1316 4295 1338 4342 ¹¹

266 4379 403 4446 arator-cr,
423 4374 455 4422 nt
470 4380 643 4436 reserantem,
661 4385 691 4428 ut
708 4374 882 4431 navicularii.
918 4375 946 4425 V
964 4375 1020 4430 ὅθι
1056 4375 1128 4442 Quot
1152 4374 1224 4428 bella
1244 4368 1337 4440 „ajout
