2766 5018
294 388 829 505 ulturno·

518 614 603 650 ΜΟ

149 733 972 860 duraturo.

337 1071 800 1152 nncunnnuuu.¹¹

33 1189 62 1258 Q.
76 1189 209 1258 Ligarius,
229 1208 312 1260 quum
325 1197 398 1242 essct
408 1191 485 1241 nulla
500 1192 570 1243 belli
586 1193 714 1260 suspicis,
734 1209 794 1242 cum
811 1190 844 1242 (λ.
863 1191 994 1242 Considio
1008 1189 1105 1260 boupo

88 1267 268 1330 propraetore
280 1261 386 1328 legatus
395 1261 554 1313 in‘Africam
563 1264 714 1331 profectus,
735 1269 762 1314 et
779 1261 882 1314 civibus
893 1269 920 1312 et
930 1262 1011 1319 sociis
1020 1263 1060 1312 ita
1076 1281 1106 1314 sa

86 1332 221 1400 probarit,
232 1338 264 1382 ut
273 1332 406 1394 decedens
415 1331 559 1384 Considius
571 1333 886 1403 provinciasatistaeere
894 1331 1045 1383 homiuibus
1053 1349 1107 1383 non

9 1437 10 1442 .
87 1409 194 1470 posset,
235 1403 260 1452 ai
288 1420 445 1469 quemquam
478 1403 559 1452 alium
594 1404 751 1471 provinciae
784 1404 973 1472 praefecisset.
1011 1404 1105 1452 :Anno

87 1479 232 1538 sequente,
251 1491 278 1523 u.
297 1489 319 1522 c.
337 1471 404 1522 ⁷05.
421 1490 500 1538 quum
515 1473 618 1524 bellum
636 1474 716 1526 civile
731 1475 802 1528 iuter
820 1474 977 1540 Pompeium
993 1479 1020 1527 et
1037 1472 1106 1532 Caee

10 1581 11 1584 η
87 1559 170 1592 sarem
186 1543 356 1600 exarsisset,
382 1545 513 1610 multique
537 1544 565 1592 iu
587 1543 703 1602 Africa,
732 1545 778 1611 qui
793 1543 925 1611 Pompeio
944 1545 1105 1601 studebant.

88 1613 203 1679 aliquem
230 1615 326 1664 ducem
352 1613 405 1662 sibi
431 1620 610 1680 quaererent;
644 1613 680 1680 Q.
700 1613 846 1682 Ligarius,
873 1615 907 1662 ad
928 1631 990 1664 suos
1013 1614 1106 1664 redire

89 1683 221 1750 eupiena‚
270 1683 346 1732 nullo
391 1684 499 1750 quidem
537 1701 565 1734 se
598 1685 736 1750 implicari
773 1685 885 1750 negotio
916 1700 1011 1752 passus
1048 1689 1106 1741 est.

88 1754 242 1806 sedtamen
257 1753 397 1803 iuAfrica
416 1755 527 1804 restitit.
561 1755 677 1804 Interim
693 1753 725 1803 P.
741 1755 836 1806 Attius
848 1753 956 1812 Varus,
983 1755 1029 1821 qui
1043 1771 1107 1821 pau·

9 1853 11 1859 .
89 1822 125 1872 cis
143 1830 205 1874 ante
220 1824 297 1874 annis
312 1841 344 1872 ex
356 1831 487 1890 praetura
503 1841 560 1874 eam
578 1823 745 1890 prouinciam
762 1825 934 1882 obtinuerat,
954 1824 1108 1880 amississet
1140 1852 1145 1868 π

86 1891 231 1944 Auximum
256 1891 432 1953 cohortibus,
463 1896 587 1961 protinus
620 1911 651 1942 ex
674 1895 740 1959 fuga
762 1895 789 1942 in
816 1894 941 1944 Africam
964 1895 1107 1960 peruenit,

9 2001 11 2004 .
88 1968 166 2030 atque
183 1981 242 2014 cam
259 1981 307 2012 sna
327 1971 421 2030 sponte
438 1981 549 2017 uacuam
569 1965 721 2030 occupavit.
759 1963 980 2022 llieuenieutem
997 1961 1107 2014 Uticam

89 2049 146 2088 cum
160 2035 278 2084 navibus
295 2033 325 2082 L.
341 2034 450 2084 Aelium
467 2033 648 2092 'freber-ouem,
669 2033 855 2100 quiAfricaus
870 2039 955 2090 sorte,
976 2047 1009 2082 ex
1025 2033 1054 2082 S.
1072 2029 1106 2081 G.

90 2103 230 2171 conjecta,
251 2103 375 2154 obtinere
393 2103 520 2162 debebat,
540 2111 622 2172 portu
636 2111 717 2170 atque
732 2104 833 2172 oppido
847 2102 999 2169 probibuit,
1018 2119 1106 2168 aeque

9 2213 10 2216 ,
89 2172 214 2224 affectum
223 2174 379 2224 valetudine
388 2173 473 2223 filium
484 2192 619 2242 exponere
628 2174 654 2223 in
665 2182 765 2225 terram
773 2191 866 2241 passus
876 2181 924 2223 est.
940 2171 1034 2239 [Caes.
1044 2172 1106 2223 Gir.

88 2239 159 2292 150.
169 2243 231 2310 ul]
261 2243 385 2294 Devictis
399 2243 588 2311 Pompeianis,
614 2263 695 2311 quum
708 2245 765 2300 siue
781 2261 857 2296 mora
871 2244 1051 2294 Adrumetum
1068 2243 1106 2290 iu-

10 2353 11 2356 ,
88 2313 199 2364 troisset
214 2313 337 2373 Caesar,
357 2331 515 2380 quamquam
524 2316 674 2365 Africanae
690 2331 785 2365 causae
800 2315 915 2372 iratior,
936 2309 971 2379 Q.
982 2313 1106 2379 Ligario,

9 2439 10 2444 q
90 2383 205 2448 quitum
224 2383 385 2443 ibifuerat‚
411 2385 663 2445 vitamconcessit3
692 2384 923 2451 quofaetoexsul
940 2383 1107 2450 aliquamdiu

90 2454 186 2516 procul
204 2471 220 2502 a
238 2455 328 2521 patria
346 2455 421 2504 vixit.
464 2456 504 2506 At
529 2455 631 2506 llomae
655 2455 693 2504 lif.
718 2455 826 2504 Tullius
848 2453 949 2505 Cicero
973 2471 1027 2507 uua
1048 2469 1108 2503 cum

89 2521 223 2574 fratribus
243 2523 278 2590 Q.
294 2523 400 2589 Ligarii
422 2525 536 2591 aliisque
552 2525 713 2593 propinquis
739 2525 895 2592 supplicare
915 2541 968 2574 nun
984 2524 1107 2580 destitit,

11 2635 12 2640 ,
90 2597 120 2641 nt
131 2595 252 2644 reditum
270 2595 294 2644 ei
310 2594 481 2660 impetraret,
502 2597 534 2645 de
551 2612 602 2662 qua
619 2613 648 2644 re
666 2596 767 2661 ipsein
786 2611 828 2661 ep.
845 2593 890 2645 lt.
905 2595 924 2644 l.
936 2593 980 2643 vl
994 2594 1106 2644 scribit:

9 2657 10 2662 ’
90 2657 154 2710 Cum
175 2680 201 2713 a.
225 2661 252 2712 d.
270 2662 298 2712 V
311 2660 372 2714 liat.
398 2663 570 2714 intercalares
590 2665 712 2730 priores,
745 2671 841 2732 reputa
861 2662 977 2730 fratrum
1005 2673 1108 2713 tuorum

9 2785 10 2792 ρ
89 2733 216 2782 venissem
236 2749 309 2782 mane
324 2733 361 2781 ad
376 2729 532 2790 Caesarem,
558 2741 637 2798 utque
655 2751 750 2785 onmem
766 2733 880 2784 adurendi
898 2742 924 2783 et
938 2731 1108 2788 conveniendi

90 2800 163 2850 illius
180 2803 366 2870 indiffinitatem
381 2811 406 2852 et
421 2803 566 2854 molestiam
579 2804 760 2871 pertulissem:
780 2822 835 2854 cum
849 2802 949 2871 fratres
964 2811 989 2852 et
1000 2803 1107 2871 propin·

9 2911 10 2923 .
91 2872 135 2934 qui
153 2874 192 2922 tui
204 2871 330 2942 jacerent
347 2873 382 2921 ud
392 2872 489 2939 pedes,
508 2881 538 2922 et
551 2891 597 2943 epo
614 2891 694 2924 essem
709 2874 827 2930 locutus,
847 2890 914 2939 quae
931 2891 1020 2926 caussa.
1039 2887 1107 2938 quas

91 2947 160 2990 tuurn
186 2950 285 3010 ternpus
305 2943 473 3010 postulubats
500 2961 552 2994 non
574 2944 657 2993 sulum
683 2963 716 2992 ex
735 2945 854 2992 oratione
869 2941 1012 3000 Caesaris,
1040 2958 1107 3008 quas

90 3027 151 3059 sane
166 3013 255 3062 mollis
271 3020 296 3060 et
312 3013 433 3065 liberalis
448 3012 519 3079 feeit,
538 3011 674 3062 sedetiam
689 3031 722 3062 ex
739 3014 821 3062 oeulis
839 3021 865 3062 et
881 3013 974 3072 υιιίὴις
993 3030 1027 3061 ex
1043 3009 1107 3060 suut·

90 3081 124 3128 tis
138 3089 280 3148 praeterea
293 3083 394 3151 siquis,
412 3099 480 3147 quae
496 3083 605 3150 {lucilius
617 3085 764 3150 perspicere
777 3085 867 3150 potui,
890 3101 967 3148 quam
982 3079 1107 3140 seribere,

9 3183 10 3206 ς
90 3147 156 3200 bano
178 3153 209 3200 ιἰι
233 3153 377 3218 opinionem
397 3153 520 3212 discessi,
548 3159 577 3201 ut
598 3153 661 3200 milti
687 3160 733 3202 tuo
756 3153 829 3202 salsus
852 3153 933 3202 dubia
957 3169 1009 3202 stou
1031 3157 1107 3203 essct.

90 3217 151 3270 lloe
167 3228 291 3288 tempore
309 3221 345 3287 Q.
364 3222 492 3280 Tubero,
520 3223 690 3272 doctissimus
712 3223 818 3287 quidum
840 3223 948 3272 babitus
968 3223 1039 3291 juris
1059 3239 1108 3289 pu·

9 3285 11 3292 ’
91 3285 157 3340 blici
174 3292 333 3358 ciprinum,
360 3297 440 3357 atque
457 3292 586 3342 Caesaris
602 3292 744 3342 clementio
761 3293 839 3344 simul
856 3311 914 3344 cum
932 3300 1010 3359 patre
1028 3292 1108 3342 resti·

9 3353 11 3364 ¹
91 3363 174 3418 tutus,
194 3362 332 3412 accusauit
342 3361 377 3427 Q
389 3361 537 3428 Ligarium,
558 3362 631 3429 quod
644 3362 671 3410 in
684 3363 782 3413 Africa
798 3365 890 3414 fuerit.
919 3363 986 3413 odii
1002 3379 1108 3413 causam

91 3429 178 3480 refert
193 3431 275 3482 etiam
292 3431 455 3499 Pomponius
470 3434 499 3481 iu
514 3432 549 3482 fr.
560 3433 589 3483 u.
607 3432 631 3498 δ.
643 3429 682 3482 46
695 3433 730 3483 D.
742 3433 773 3492 l,
792 3433 825 3484 2:
848 3431 879 3494 Q.
892 3421 1033 3502 liperici,
1053 3449 1108 3482 eum

91 3498 204 3566 Aiiieue
219 3519 292 3551 oram
310 3508 422 3560 teneret,
442 3503 570 3572 infirmum
588 3502 746 3552 Tuberonem
762 3503 897 3571 applicare
913 3521 964 3552 non
979 3501 1108 3570 perusisit,

9 3617 11 3628 J
92 3569 135 3618 sice
153 3588 249 3636 uquam
265 3570 383 3629 bortrire,
402 3591 453 3638 quo
469 3574 570 3625 uamiue
588 3591 644 3624 cum
660 3576 803 3624 accusauit.
823 3573 909 3624 licum
924 3572 1109 3642 pulcherrima

91 3636 139 3690 buc
156 3643 279 3693 oratione
296 3643 324 3690 in
340 3642 401 3693 foro
417 3643 540 3696 defendit
556 3641 672 3703 Cicero,
702 3645 893 3713 perfecitque,
918 3651 948 3695 ut
965 3639 1109 3694 Caesarei

9 3759 10 3776 ζ
92 3707 243 3774 ignoverit,
263 3719 376 3770 auctore
391 3712 541 3764 Plutarcho
554 3714 581 3764 in
600 3713 660 3764 Cic.
680 3731 739 3783 cap.
754 3714 811 3766 ὅθι
850 3717 972 3782 Λέγεται
991 3711 1021 3766 δὲ
1040 3715 1109 3784 καὶ,

92 3779 224 3836 Κοΐντου
233 3783 376 3850 Λιγαρίου
389 3779 470 3848 δίκην
485 3787 656 3854 φεύγοντος,
676 3779 724 3840 ὅτι
736 3791 793 3840 τῶν
802 3785 950 3856 Καίσαρος
963 3780 1110 3851 πολεμίων

94 3847 132 3914 εἷς
149 3853 288 3922 ἐγεγόνει,
307 3856 358 3906 καὶ
371 3855 530 3927 Κικέρωνος
545 3857 629 3924 αὐτῷ
643 3855 838 3925 βοηθοῦντος,
858 3860 948 3908 εἰπεῖν
965 3857 1019 3908 τὸν
1034 3850 1109 3906 Κατ’·

94 3935 168 3991 caea
183 3927 252 3995 πρὸς
265 3925 336 3986 τοὺς
352 3919 472 3990 φίλους·
491 3925 533 3980 Τι’
543 3921 649 3980 κωλύει
663 3921 714 3978 διὰ
728 3927 839 3998 χρόνον
851 3925 1009 3994 Κικέρωνος
1023 3924 1110 3976 ἁκοῦ·

93 4004 141 4040 σαι
156 3985 302 4060 λέγοντος,
322 3992 381 4046 ἐπεὶ
393 3989 487 4046 πάλαι
500 3997 628 4066 κέκριται
641 3999 765 4066 πονηρὸς
778 3997 794 4048 ὁ
807 3995 877 4067 ἀνὴρ
889 3996 940 4046 καὶ
952 3989 1109 4064 πολέμιος;

95 4056 151 4110 ἐπεὶ
167 4055 193 4112 δ’
211 4058 369 4132 ἀρξάμενος
385 4059 475 4128 λέγειν
493 4066 508 4116 ὀ
527 4067 653 4134 Κικέρων
670 4066 820 4136 ὑπερφυῶς
839 4063 933 4134 ἐκίνει,
952 4065 1003 4114 καὶ
1022 4057 1110 4134 προῦ-

95 4123 191 4188 laam
210 4133 292 4202 αὐτῷ
308 4131 395 4186 πάθει
412 4150 443 4186 τε
459 4132 591 4199 ποικίλος
606 4137 656 4188 καὶ
671 4134 770 4204 χάριτι
786 4133 962 4204 θαυμαστὸς
980 4134 996 4185 ὁ
1013 4129 1110 4202 ioque,

96 4192 205 4265 πολλὰς
220 4205 272 4271 μὲν
290 4201 364 4254 ἰέναι
379 4202 470 4272 χρόας
487 4206 532 4257 ι’πὶ
547 4207 604 4258 τοῦ
616 4205 769 4276 προσώπου
782 4209 835 4257 τὸν
847 4201 996 4274 Καίσαρα,
1015 4201 1110 4264 πάσας

98 4256 127 4315 δὲ
149 4271 200 4334 τῆς
224 4273 323 4337 ψυχῆς
346 4271 521 4344 τρεπόμενον
544 4275 651 4346 τροπὰς
668 4268 841 4336 κατάδηλον
860 4265 952 4327 εἶναι·
978 4267 1062 4336 τέλος
1078 4266 1110 4324 tt

14 4373 18 4380 ,
96 4335 152 4390 τῶν
176 4342 255 4394 κατὰ
272 4335 432 4411 Φάρσαλον
453 4343 611 4414 ἁψαμένου
626 4344 684 4396 τοῦ
700 4342 817 4418 ῥήτορος
833 4339 970 4415 ἀγώνων,
998 4339 1112 4402 insuit
