2766 5026
293 343 1046 588 ouans-o

407 728 411 739 .
511 685 614 733 ²¹⁸⁰
778 739 779 745 ,

114 849 169 927 τ.
223 841 264 922 s
301 845 339 922 u
373 785 547 956 uro
607 846 710 926 us
746 785 1016 934 nous.

173 1151 206 1162 ”
253 1146 615 1240 unnunu'uuuu
644 1139 875 1236 Asnours.
1059 1155 1068 1176 “

87 1292 161 1345 Hane
185 1293 258 1345 dixit
284 1287 336 1345 Cn.
361 1283 494 1363 Pompeio
515 1293 575 1346 111.
603 1295 734 1356 consule,
768 1299 792 1348 a'.
809 1295 835 1347 d.
856 1293 910 1348 vl.
925 1295 993 1356 Idne
1015 1285 1161 1366 Aprili!

33 1363 88 1430 [nu.
98 1362 197 1433 etos]
215 1364 292 1434 qnod
301 1364 436 1436 judicium
451 1381 511 1416 oum
526 1371 668 1436 ageretur,
688 1368 838 1418 exercitum
846 1367 873 1434 in
883 1367 945 1418 iore
955 1373 982 1418 et
991 1369 1113 1434 omnibus

34 1436 53 1483 in
63 1435 170 1503 templis,
185 1451 257 1504 quae
274 1435 378 1488 circum
393 1435 483 1486 lorum
498 1443 571 1498 sunt,
590 1437 757 1489 collocatum
773 1456 789 1488 n
804 1437 856 1489 Cn.
871 1437 1004 1508 Pompeio
1019 1440 1113 1500 fuisse,

33 1520 74 1554 non
85 1512 181 1556 tantum
199 1526 232 1558 ex
251 1507 387 1566 oratione,
407 1513 436 1558 'et
452 1506 606 1568 annalibus,
627 1507 677 1560 sed
693 1509 774 1574 etiam
788 1511 820 1559 ex'
831 1507 907 1559 libro
923 1514 1055 1579 apparet,
1068 1511 1114 1578 qui
1190 1533 1195 1544 ¹

36 1574 155 1626 Ciceronis
171 1579 283 1629 nornine
296 1577 459 1630 inscribitur
475 1578 508 1628 de
521 1579 624 1647 optimo
640 1585 741 1648 genere
756 1585 905 1632 eruturum.
926 1581 962 1648 [e.
972 1573 1000 1632 d.
1017 1581 1041 1648 5.
1054 1580 1114 1650 l0.]

86 1648 185 1700 Annius
203 1648 294 1706 Milo,
323 1655 352 1700 et
369 1649 401 1699 P.
419 1647 546 1700 Plautius
566 1648 730 1718 Hypsaeus,
759 1656 787 1701 et
809 1648 845 1718 Q.
863 1650 996 1704 Metellus
1015 1650 1112 1736 Scipio

38 1718 178 1770 consulatum
193 1720 355 1790 petierunt,
380 1734 434 1770 non
448 1719 541 1770 solum⁴
550 1703 699 1788 largitione
714 1721 806 1790 palam
817 1722 950 1790 profusa,
969 1723 1115 1775 sedetiam

38 1785 175 1840 factionibus
189 1798 360 1844 armatorum
374 1789 517 1842 succincti.
774 1837 775 1847 ,
869 1813 873 1822 ·
996 1825 999 1830 -
1051 1835 1053 1842 .

87 1857 194 1919 lliioni,
215 1867 244 1913 et
262 1860 365 1912 Clodio
381 1879 498 1912 summae
514 1866 595 1913 erant
612 1859 790 1922 inimicitiae,
810 1861 885 1928 qnod
904 1867 933 1912 et
944 1861 1015 1912 Milo
1033 1859 1114 1913 Cice·

43 1929 93 1980 ronis
107 1939 162 1982 erut
181 1932 380 1992 amicissimus,
398 1932 427 1982 in
441 1932 652 2000 reducendoque
664 1949 711 1984 *eo*
722 1931 799 1984 enixe
820 1948 930 1999 operum
943 1933 1014 2001 reip.
1031 1931 1114 1983 deds-

44 2005 85 2054 nt,
108 2009 131 2052 et
154 2001 187 2052 1¹.
213 2002 334 2054 Clodius
355 2005 486 2055 restituto
510 2001 643 2055 Ciceroni
672 2008 733 2054 erut
756 1999 948 2052 infestissimus
959 2037 973 2076 ,Ι
993 2003 1113 2071 ideoque

46 2081 113 2121 sunus
128 2073 259 2125 studebat
275 2073 408 2144 Hypsaeo
428 2080 457 2126 'et
479 2073 606 2143 Scipioni
613 2080 718 2158 ‘contro
732 2072 874 2124 Milonem.
895 2090 926 2123 ac
941 2090 1023 2141 snepe
1040 2073 1115 2124 inter

45 2153 65 2186 tt
80 2139 133 2192 Milo
157 2150 184 2196 et
207 2144 327 2196 clodius
353 2164 413 2197 eum
430 2145 486 2196 suis
506 2144 673 2196 factionibus
690 2143 795 2194 Rornae
815 2145 1058 2212 depugnaverantr
1086 2149 1118 2204 et

44 2217 204 2282 sntnterque
218 2215 336 2274 'caudacis
352 2231 419 2285 par:
446 2216 501 2266 lsed
516 2211 587 2268 lllilo
610 2232 662 2284 pro
685 2214 868 2268 melioribus
887 2213 994 2278 ortibus¹
1013 2213 1112 2267 stabnt.

90 2280 233 2338 Praeterea
257 2288 287 2337 in
308 2272 422 2338 eundern
437 2286 538 2338 annium
557 2283 727 2338 consulotuni
743 2286 831 2346 Milo,
861 2232 981 2336 Clodius
1003 2292 1113 2355 praetu-

40 2365 81 2398 ram
92 2355 213 2420 petebat:
234 2374 315 2427 quum
335 2357 455 2410 debilem
470 2359 591 2408 futuram
609 2356 720 2410 consule
736 2355 862 2416 Milone,
881 2355 1066 2424 intelligebat.

91 2419 190 2478 Deinde
209 2443 271 2479 cum
290 2429 337 2479 din
354 2435 445 2481 tracta
469 2433 560 2486 essent
578 2427 688 2478 comitia
702 2427 878 2492 consularia,
906 2427 1113 2498 perficiqueob
1144 2415 1165 2470 3

41 2507 73 2540 sas
86 2494 150 2562 ipsas
166 2500 294 2566 perditus
312 2492 520 2551 candidatorum
537 2498 727 2557 contentiones
745 2515 799 2548 non
818 2504 947 2568 possent,
976 2504 1003 2549 et
1026 2498 1064 2566 ob*
1085 2497 1116 2548 id

36 2567 250 2621 nenseJarmnrio
268 2569 339 2621 nulli
358 2572 421 2621 dum
439 2588 527 2638 neque
553 2569 697 2629 eonsules,
724 2585 814 2637 neque
827 2575 985 2689 Iprnetores
1005 2576 1114 2630 essent,
1187 2603 1190 2633 ,

36 2631 223 2711 trohcretorquc
249 2643 309 2692 dies
333 2642 428 2694 eodem
447 2653 506 2708 'quo
523 2646 604 2692 untes
620 2639 718 2701 modo,
749 2640 810 2690 dum
859 2641 899 2706 ilo
916 2641 1116 2709 quamprimum

38 2705 124 2757 canitis
139 2701 237 2762 ebullei
252 2711 358 2771 vellet,
379 2711 583 2778 conficeretque
601 2727 662 2761 curn
678 2710 813 2776 bonorum
829 2711 947 2770 studiis,
977 2712 1024 2778 qui
1043 2711 1114 2780 obsi·

37 2773 122 2828 stelant
138 2778 249 2843 Clodio,
269 2789 327 2834 tum
343 2781 547 2851 etiampopuli,
567 2788 684 2850 propter
702 2781 802 2833 effusis
818 2781 992 2850 largitiones,
1010 2781 1113 2850 impen-

36 2855 67 2891 Μ
82 2861 179 2925 quoque
197 2853 327 2906 ludorum
348 2853 519 2904 scenicorum
538 2869 569 2903 ue
588 2852 749 2920 gladiatorii
773 2853 892 2903 muueris
913 2852 1057 2910 minimas,
1084 2853 1114 2920 in
1139 2909 1142 2916 .
1209 2880 1211 2884 ,

37 2922 86 2978 itu
107 2922 158 2971 triu
180 2925 348 2992 patrimonia
371 2923 500 2976 effudisse
525 2941 585 2974 eum
611 2922 713 2975 Cicero
734 2923 887 2990 signifieat,
916 2922 1113 2990 competitores

35 2995 84 3033 sero
99 2987 151 3041 e'us
169 2994 282 3046 trubere
301 2995 423 3054 vellent,
442 2993 560 3063 ideoque
578 2993 726 3063 Pompeius
746 3011 831 3062 gener
849 2993 1005 3062 Scipionis,
1031 2998 1059 3044 et
1078 2991 1113 3044 Τ.

35 3049 151 3112 linuatus
168 3066 297 3120 tribunus
319 3066 358 3135 pl.
382 3065 486 3116 referri
505 3065 540 3116 ad
558 3073 680 3116 senutum
704 3066 737 3116 de
762 3061 1112 3134 patriciis‘consoeundis,

37 3125 70 3187 tsi
83 3127 244 3210 interregem
254 3138 424 3207 proderent,
442 3153 498 3187 nou
513 3143 604 3187 essent
617 3137 708 3206 possi,
729 3145 790 3186 eum
805 3136 975 3204 interregem
990 3133 1112 3203 prodere

37 3207 102 3248 none
117 3212 199 3256 essetz
611 3220 616 3230 “

89 3270 121 3322 Α.
131 3276 252 3328 ἀ.·ΧῙΙΙ.
263 3264 330 3327 stat.
340 3276 409 3328 Feb.
427 3277 503 3344 (ueta
519 3275 620 3328 etenim
638 3275 725 3342 magis
741 3275 883 3342 sequendo
901 3280 929 3326 et
945 3273 1032 3342 ipsum
1050 3289 1112 3323 ors·
1174 3305 1177 3310 ,

37 3333 127 3400 tionem,
145 3348 293 3414 qunenctis
310 3348 448 3416 congruit,
468 3353 546 3415 puto,
566 3363 644 3415 quam
654 3345 851 3404 Fenestellam,
870 3346 917 3412 qui
935 3363 958 3395 s.
970 3345 996 3395 d.
1007 3343 1111 3396 xlm.

38 3401 87 3456 llal.
100 3411 162 3466 Feb.
179 3419 278 3486 trudit)
296 3418 366 3469 Milo
382 3418 548 3476 Lunnsinm,
570 3435 603 3469 ex
618 3433 672 3486 quo
689 3421 751 3468 erat
766 3414 935 3482 municipio,-
955 3415 1038 3466 stibi
1054 3421 1111 3466 tum

38 3471 151 3557 dictator,
177 3491 320 3558 protectus
339 3495 381 3541 est
398 3489 582 3544 adflsminem
597 3489 770 3557 prodendum
792 3487 978 3560 postes-adis.
1011 3502 1109 3536 osenn-
1140 3477 1161 3530 4

38 3552 66 3595 ¹¹!
85 3553 107 3601 ei
127 3557 198 3610 eirea
214 3560 310 3614 borum
327 3560 426 3611 nonam
442 3559 560 3626 Clodius
575 3559 670 3628 poullo
688 3558 763 3614 ultra
780 3557 922 3627 Bovillas,
943 3556 1056 3614 rediens
1076 3554 1110 3630 ab

37 3614 134 3684 A‘i‘fit,
166 3647 253 3700 prope
271 3649 331 3682 eum
349 3631 456 3692 locum,
491 3631 520 3680 in
540 3631 704 3697 quultonae
720 3631 788 3682 desis
811 3629 944 3690 sacellum
963 3632 1013 3678 est.
1051 3632 1112 3677 erat

38 3693 109 3742 'utem
132 3698 265 3772 allocutus
288 3703 453 3756 decuriones
476 3701 665 3755 Arieiuorom.
710 3698 863 3753 uehebatur
889 3697 1007 3750 Clodius
1031 3713 1111 3762 equo.

38 3761 271 3825 reviximus
291 3773 431 3840 expediti,
457 3777 488 3822 ut
501 3768 552 3828 illo
566 3777 691 3842 tempore
709 3776 844 3824 nubserat
863 3769 918 3820 iter
935 3767 1112 3826 iacientibus,
1190 3823 1192 3831 Ι

39 3825 121 3906 titillo
137 3839 217 3894 cincti
235 3845 429 3912 sequebantur.
464 3849 544 3894 crant
563 3860 624 3893 eum
637 3842 739 3896 Clodio
759 3847 908 3911 praeterea
923 3845 982 3890 tres
998 3839 1112 3890 comites

40 3911 100 3962 ‘1¹¹⁸’
124 3925 158 3964 tx
176 3915 273 3980 quibus
300 3933 384 3986 eques
401 3914 544 3971 Romainus,
564 3931 632 3967 unus
652 3912 685 3965 C.
702 3911 844 3966 Cossinius
859 3909 980 3969 Schola,
1005 3910 1058 3960 duo
1076 3909 1111 3974 de

40 3965 106 4028 Plebs
118 3981 177 4033 nori
190 3983 327 4046 homines,
353 3985 386 4036 P.
407 3984 588 4053 Pomponius,
618 3983 652 4036 C.
672 3983 799 4039 Clodius.
834 3981 904 4045 Milo
923 3979 1012 4032 rbsda
1031 3978 1111 4030 vehe-
1218 3983 1220 3998 “

57 4045 121 4104 atur,
150 4068 207 4114 cum
230 4075 316 4110 neore
339 4057 442 4113 Fausta
462 4055 520 4106 iilis
546 4054 579 4106 1..
604 4055 701 4108 Sullae
722 4053 889 4111 ¹dietutoris,
923 4057 950 4104 et
968 4047 1007 4102 Μ.
1025 4051 1109 4100 Fusio

42 4101 220 4179 tunitius-iseo.
253 4127 421 4196 sequebatur
443 4143 491 4176 eos
506 4143 631 4192 magnum
649 4142 791 4180 serrorum
809 4141 923 4190 apmen's
943 4122 1024 4174 ¹inter
1043 4136 1111 4188 quos
1142 4125 1161 4176 tt

44 4174 187 4263 tltdiatores
203 4216 310 4267 quoque
330 4204 425 4256 erant,
453 4196 600 4264 exquibus
618 4196 761 4255 duonoti‚
781 4194 938 4262 Eudamus,¹
964 4199 992 4260 ct
1008 4191 1112 4242 Birriu.
1220 4236 1223 4249 ,

65 4267 101 4330 ‚¹¹¹
113 4258 201 4318 ultimo
216 4272 323 4338 agmine
339 4267 447 4321 tardius
464 4275 576 4328 euntes,
603 4285 663 4318 curn
681 4267 768 4320 serris
784 4265 817 4316 1¹.
827 4264 922 4316 Clodii
940 4263 1027 4315 rixam
1043 4265 1113 4311 eom·
1200 4284 1203 4293 =

46 4328 161 4384 urserunt.
186 4340 219 4390 ad
235 4359 315 4410 quern
332 4339 479 4392 tumultum
495 4357 556 4390 eum
572 4339 740 4406 respexisset
758 4335 876 4389 Clodius
891 4331 1113 4398 mirritnbundus,

47 4379 160 4455 lunmm
175 4408 231 4478 ejus
244 4411 342 4464 Birrin
357 4408 507 4478 romphaea
522 4409 645 4478 trajecit.
669 4409 733 4462 inde
750 4425 813 4472 curn
829 4412 893 4458 orta
913 4412 985 4456 esset
1001 4419 1112 4472 pugna,
