2782 5022
363 405 416 508 :n
443 405 467 460 r.
503 403 826 468 ceraunius
1055 409 1139 488 215
1243 465 1245 475 ,

117 576 190 638 Gar.
212 573 255 640 X.
294 575 532 650 Quamobrem,
569 575 738 651 Quirites,
801 577 929 639 uoniam
963 575 1003 638 ad
1033 578 1189 640 omnia25
1265 628 1268 640 .

64 656 229 740 pulvinaria
257 658 452 738 supplicatio
481 659 613 720 decreta
644 667 713 734 est,
747 599 947 720 celebratote
969 661 1046 722 illos
1070 662 1157 720 dies¹

66 763 125 803 cum
145 740 331 819 coniugibus
355 763 391 805 ac
413 740 528 802 liberis
550 741 679 804 vestris.
718 741 797 804 Nam
813 743 907 803 multi
927 765 1022 824 saepe
1041 744 1143 804 hono·

64 845 108 884 res
128 825 187 886 diis
208 825 442 884 immortalibus
465 825 546 886 iusti
567 825 671 885 babiti
694 834 768 886 sunt
791 845 827 886 ac
851 827 966 898 debiti,
988 828 1047 885 sed
1069 849 1143 907 pro-

65 909 140 968 lecto
170 907 324 967 iustiores
357 929 537 990 numquam.
581 908 697 988 Erepti
731 909 815 970 enim
846 931 886 970 ex
917 907 1142 970 crudelissimo

66 1013 96 1050 ac
115 991 287 1052 miserrimo
309 991 458 1063 interitu,
481 999 514 1050 et
537 991 732 1071 erepti‘sine
751 993 863 1066 caede,
885 994 956 1052 sine
975 993 1144 1072 sanguine,

66 1074 124 1132 sine
146 1072 310 1147 exercitu,
350 1073 421 1134 sine
444 1074 671 1134 dimicatione:
710 1075 835 1156 togati,
875 1097 924 1134 me
946 1097 1009 1136 uno
1032 1084 1144 1156 togato

66 1157 136 1216 duce
163 1164 195 1216 et
216 1155 410 1240 imperatore
432 1157 570 1219 vicistis.
614 1155 744 1218 Etenim
766 1158 1004 1232 recordamini,
1036 1159 1197 1234 Quiri-24

4 1255 5 1284 ff
66 1249 125 1312 tes,
155 1261 264 1299 omnes
291 1239 404 1300 ci'viles
428 1240 675 1314 dissensiones,
708 1243 815 1340 neque
834 1241 938 1301 solnm
958 1263 1033 1316 eas,
1068 1263 1146 1324 quas

66 1322 208 1396 audistis,
243 1323 302 1382 sed
326 1321 443 1402 eas1),
476 1344 555 1406 quas
585 1324 775 1404 vosmetipsr
796 1323 986 1384 meministis
1010 1333 1043 1384 et
1065 1325 1147 1385 vidi-

66 1405 134 1464 stis:
166 1405 203 1465 L.
226 1405 320 1466 Sulla
342 1405 379 1465 P.
402 1405 582 1486 Sulpicium
599 1405 789 1490 oppressit:
823 1429 863 1468 ex
884 1409 963 1468 urbe
988 1407 1085 1469 eiecit
1109 1409 1148 1472 G.

66 1487 208 1562 diarium,
247 1490 416 1562 custodem
446 1487 541 1549 buius
572 1491 683 1563 urbis,
715 1490 899 1576 multosque
930 1491 1032 1552 fortes
1062 1491 1148 1553 viros

1052 1629 1151 1646 m

110 1697 137 1766 1)
154 1700 204 1751 sed
222 1677 326 1752 epm

108 1943 142 1993 X.
160 1942 182 2010 5.
202 1941 254 1994 25.
291 1941 328 1992 ad
344 1941 433 1991 orrrnia
445 1939 520 2010 palo.
546 1943 565 1992 i.
584 1938 713 2010 eapnd,
739 1939 823 1994 circa.
850 1937 912 1994 niv.
929 1939 1004 1992 XXI
1020 1939 1077 1992 62:
1113 1940 1154 1991 m

73 2005 256 2063 lectisternium¹
271 2012 427 2069 Jauentati,
456 2019 481 2061 et
502 2011 662 2082 snpplicatio
681 2010 718 2062 ad
734 2003 824 2061 aedem
840 2011 967 2062 Herculis
984 2013 1154 2070 nonainatim,

72 2081 148 2134 deinde
165 2086 292 2134 universo
311 2083 410 2152 populo
430 2083 502 2132 circa
521 2085 608 2132 canania
620 2081 783 2154 pulvinaria:
797 2082 908 2132 indicta.
945 2099 970 2134 r·
989 2082 1057 2132 ibid.
1086 2100 1109 2132 c.
1126 2080 1153 2132 1.

71 2153 122 2206 Tac.
144 2155 217 2205 XIV
248 2154 302 2206 12:
341 2155 524 2204 Decernuntur
546 2154 753 2223 supplicationes
781 2153 854 2221 apud
879 2155 965 2203 crnnia
986 2152 1153 2223 puluinaria.
1258 2194 1260 2200 ,

69 2223 239 2278 Lectisternia
265 2232 292 2276 et
316 2225 532 2294 supplicationes
550 2225 622 2276 inter
643 2243 671 2274 se
695 2221 827 2282 differre,
854 2223 1023 2292 intelligitur
1043 2240 1076 2272 ex
1093 2223 1155 2273 niv.

4 2297 5 2304 ’
67 2293 164 2346 11165.
190 2297 218 2345 V
237 2295 285 2346 le.
321 2296 473 2346 Praeterea
490 2295 790 2363 aliassupplicationcs
806 2295 922 2358 rabone
940 2301 1034 2362 peste,
1054 2300 1085 2344 ut
1102 2293 1154 2342 diis

4 2393 5 2396 =
67 2368 157 2432 gratias
173 2373 309 2434 agerent,
339 2367 407 2416 alias
426 2372 457 2416 ut
476 2367 607 2435 prodigia
624 2372 827 2436 procurarent,
853 2367 976 2434 'deosque
995 2364 1156 2432 placarent,

67 2437 242 2488 decernebant
261 2437 393 2498 Romani3
414 2437 532 2504 illasque
550 2437 760 2504 gratulationes,
778 2435 828 2486 bas
844 2444 932 2491 antem
950 2435 1157 2486 obsecrationes

5 2529 6 2544 2
68 2509 246 2574 appellabant.
283 2525 309 2558 v.
327 2508 402 2557 Fam.
419 2507 464 2556 xl
483 2507 537 2558 18..
558 2507 618 2557 niv.
634 2507 695 2556 VII
712 2507 759 2557 25.
779 2507 881 2556 XXXI
897 2507 925 2557 9.
953 2504 1039 2555 XLII
1056 2503 1097 2556 20
1112 2519 1156 2574 pr.

67 2576 103 2628 lie
123 2580 201 2630 modo
221 2579 438 2647 supplicationes
465 2579 631 2650 celebrandi
650 2578 831 2629 corrsulendus
853 2583 895 2628 cst
919 2575 979 2628 Liv.
1003 2575 1030 2624 V
1052 2574 1097 2626 15.
1126 2603 1158 2615 -·

68 2645 130 2698 Cato
148 2651 240 2700 delle
262 2649 392 2708 militari,
421 2647 493 2716 apud
511 2647 586 2700 Gell.
604 2647 665 2697 vll
681 2647 716 2700 4:
754 2647 872 2716 Populus
898 2666 948 2696 saa
971 2665 1052 2715 opera
1066 2647 1158 2714 potins

4 2727 20 2760 t
67 2719 93 2766 ab
113 2738 163 2769 rein
187 2721 252 2770 bene
274 2727 377 2788 pastam
396 2714 538 2769 oorunatus
559 2719 820 2794 sapplicatnm'cat,
846 2736 925 2785 quanm
945 2736 974 2768 re
993 2716 1061 2766 male
1081 2723 1159 2788 peste

4 2829 5 2832 ,
67 2798 197 2839 coruscatas
215 2791 317 2841 ueniat.
725 2811 727 2820 ·

110 2859 133 2927 ᾖ,
152 2861 202 2912 24.
239 2861 288 2912 sed
306 2879 359 2912 eas.
398 2859 463 2918 Sic,
489 2877 542 2928 pro
566 2859 679 2926 vulgato
698 2857 745 2909 scd
769 2865 795 2908 et
811 2852 975 2926 aaszqg.
991 2856 1052 2906 Sal.
1071 2853 1159 2905 Arcb.
1262 2895 1263 2900 ,

4 2951 5 2958 ¹
67 2931 244 2982 omnesParr.
262 2930 393 2982 Gauri.
414 2931 485 2980 (lxx.
523 2931 641 2998 Saepius
664 2931 737 2998 apud
760 2927 852 2980 Cicer.
874 2933 901 2979 et
922 2929 991 2978 alios
1006 2926 1158 3000 scriptores
1252 2927 1253 2932 ’

65 3000 105 3050 sed
120 3019 170 3070 pro
187 3002 235 3062 sed
252 2999 332 3051 etiam
348 3003 477 3071 ponitur,
502 2999 668 3069 praesertim
687 3019 767 3068 quum
785 3001 819 3058 ei,
840 2999 914 3068 quod
929 2998 1062 3066 sequitur,
1077 3014 1158 3047 mem·

66 3069 128 3130 bro,
146 3074 235 3142 major
252 3074 384 3145 quaedam
402 3073 536 3123 tribuitur
554 3074 603 3124 vis.
631 3073 665 3122 de
681 3071 769 3138 Legg.
787 3069 905 3122 111112
937 3068 1004 3130 Quis
1022 3067 1159 3124 enim'noa

67 3142 132 3191 nodo
147 3143 217 3192 liber
227 3180 237 3200 ,
256 3143 303 3192 sed
318 3161 409 3192 serens
427 3143 552 3196 libertate
565 3143 662 3212 diqnns
678 3141 750 3210 ficit,
770 3142 812 3190 cai
828 3147 921 3190 nostra
936 3138 1011 3189 salus
1025 3156 1091 3188 cara
1105 3155 1159 3186 non

66 3217 148 3262 essetl·
160 3214 209 3264 ubi
218 3213 306 3263 Goer.
320 3215 436 3282 optimos
447 3219 556 3264 secutus
571 3213 652 3262 codd.
664 3219 700 3267 τὸ
715 3209 793 3260 ctiam
804 3207 868 3279 jure
882 3211 1020 3278 expunxit,
1036 3226 1157 3276 compar.

65 3279 107 3330 III
121 3283 232 3344 ma:
270 3285 332 3332 Non
343 3286 416 3333 'esaim
420 3283 472 3352 jus'
482 3281 559 3338 ,illud
575 3277 660 3332 soloni
675 3282 813 3350 superbius
823 3281 934 3348 populo,
952 3279 999 3330 sed
1013 3280 1157 3330 violentius
1239 3293 1241 3300 ¹

65 3352 142 3404 videri
170 3371 277 3404 :necesse
301 3362 367 3405 erut.
406 3353 487 3406 (irat.
512 3351 569 3411 ⁷2,
596 3351 680 3402 256:
706 3351 843 3417 Eloquens
872 3347 932 3418 non⁴
952 3351 1159 3418 approbationes
1263 3384 1265 3394 .

64 3424 156 3483 sclam,
175 3424 224 3474 sed
239 3425 430 3474 admirationes
449 3453 480 3464 -
496 3439 599 3472 movere
614 3421 699 3472 debet.
735 3441 760 3474 v.
777 3428 838 3472 not..
851 3422 886 3472 ad
902 3421 935 3470 Π
952 3421 1015 3474 Cat.
1032 3421 1088 3494 12,
1107 3418 1174 3486 27..

68 3491 121 3544 Cic.
137 3513 164 3564 p.
184 3496 283 3545 Sextio
304 3493 359 3555 16,
379 3493 427 3546 58.
466 3493 537 3545 Sall.
557 3491 620 3543 Gat.
638 3492 685 3544 18.

110 3565 139 3614 Ρ.
159 3565 313 3634 Sulpicius,
349 3571 385 3616 tr.
406 3565 445 3633 pl.
466 3571 579 3615 auctore
599 3563 633 3613 G.
649 3561 759 3620 Mario,
793 3579 876 3628 quum
892 3561 989 3622 Sulla,
1016 3560 1061 3614 cai
1081 3565 1157 3611 sorte

65 3632 208 3687 obvenerat
229 3637 300 3707 daia
320 3635 463 3703 provincia
481 3635 639 3702 bellumque
664 3649 722 3684 eum
747 3631 927 3690 Mithridate,
961 3629 1158 3686 circa,Nolam

64 3713 230 3766 moraretur,
259 3708 335 3773 leges
358 3703 559 3775 promulgavit,
586 3712 617 3754 ut
637 3703 729 3756 etules
752 3701 968 3760 revocarentur,
995 3703 1060 3752 navi
1083 3703 1157 3752 cives

64 3773 237 3844 libertinique
261 3777 494 3844 distribuerentur
516 3777 543 3825 in
559 3773 666 3834 tribus,
696 3780 723 3826 et
738 3777 769 3824 ut
785 3773 891 3825 illarius
912 3773 971 3824 adv.
990 3771 1085 3823 Mithr.
1097 3774 1157 3822 dux

65 3855 209 3898 crearetur.
248 3846 338 3914 Quum
366 3848 465 3898 deinde
487 3847 695 3898 adversantibus
717 3857 786 3895 coss.
802 3845 856 3896 rim
876 3843 1034 3902 intulisset,
1062 3843 1155 3894 occiso

65 3911 181 3986 Pompeii
191 3935 269 3968 cons.
284 3918 359 3976 tilio,
381 3935 484 3986 genero
500 3917 614 3968 Sullae:
634 3917 667 3968 1..
684 3915 764 3967 Sulla
781 3914 877 3974 conani
896 3932 955 3965 oum
975 3932 1021 3964 sex
1039 3911 1155 3980 legioni·

65 3983 110 4035 bns
130 3989 157 4037 in
176 3989 278 4039 urbem
299 3990 391 4048 venit,
421 3995 448 4040 ct
470 3989 600 4038 adversus
627 3987 775 4038 factionem
794 3985 873 4053 Sulp.
900 3989 928 4036 et
944 3984 1074 4044 Mariiin
1095 3985 1156 4051 ipsa

65 4056 127 4108 urbe
143 4061 290 4127 pugnavit,
316 4075 428 4126 eamque
442 4057 564 4127 expulit,
593 4075 626 4109 ex
642 4076 696 4126 qua
711 4055 773 4106 xil
788 4053 915 4106 asenam
930 4055 1023 4106 hostes
1036 4055 1155 4123 judicati
1260 4067 1263 4074 ’

67 4134 129 4178 sunt.
166 4131 306 4197 Sulpicius
327 4131 429 4182 indicio
452 4129 583 4182 serrisui
607 4146 639 4180 ex
654 4125 888 4184 villa'retractus‚
914 4127 948 4176 ab
969 4126 1106 4195 equitibus
1127 4124 1155 4173 in

66 4193 232 4253 Laurentinis
246 4197 393 4270 paludibus
404 4201 547 4272 jugulatus
561 4207 620 4258 est,
646 4199 752 4252 Marius
766 4215 833 4248 vero
847 4197 1002 4248 Minturnas
1014 4195 1153 4278 pervenit.

68 4269 401 4391 bbu&666·Liv'⁷⁷'
422 4270 593 4322 Vell.P.II
612 4265 964 4322 18-19.F10r.11121.
991 4268 1067 4338 App.
1086 4263 1154 4314 (1.1
1232 4319 1244 4344 ο

113 4409 241 4462 :notarim
264 4410 290 4463 t.
313 4429 338 4464 a.
384 4411 542 4480 Insignibus
566 4410 692 4463 victoriis
718 4409 752 4462 de
778 4407 951 4462 'teutonibus
974 4412 1013 4462 et·
1028 4401 1151 4464 (limbri‘

449 4631 455 4638 ·
520 4624 528 4651 1
