2766 5018
310 401 402 460 ruo
424 399 536 458 anon
562 396 831 458 nmorano.
1031 407 1114 487 447

22 570 149 642 veniris
176 575 212 639 ut
232 567 313 632 hacc
336 567 502 642 omittam,
530 567 622 629 ouius
643 565 867 631 tantiluroris
888 567 973 646 tuit,-
1003 555 1114 638 onorico

20 677 133 736 reges,
154 675 287 738 qnorum
306 652 401 714 multi
423 659 513 714 erant
533 650 674 724 finitimi,
696 671 805 714 omnes
818 651 941 715 liberos
961 658 1116 737 populos,

20 759 136 827 omnes
159 737 288 810 socios,
315 755 424 796 omnes
448 734 655 816 provinciae,
686 734 793 795 omnia
813 736 953 820 denique
976 741 1116 802 omnium

20 843 113 882 arma
143 827 256 880 contra
283 839 318 879 se
350 838 447 878 uuum
478 816 649 882 excitare?
680 837 818 899 quonam
846 819 904 878 illc
925 822 1020 883 modo
1044 845 1116 884 cum

19 923 233 984 regno,.eurn
253 902 369 974 domo,
399 921 470 960 cum
491 899 649 980 coniuge,
672 921 744 962 cum
765 899 930 964 carissimo
957 902 1026 972 filio
1049 905 1116 966 dis·
1167 933 1168 939 ¹

18 995 149 1048 tractus
173 991 385 1128 {coemento
408 982 534 1047 scelere
555 1003 622 1044 non
638 983 737 1046 snodo
753 984 996 1066 perlecto,=sed
1019 989 1115 1050 etiam

19 1092 59 1130 eo
87 1071 169 1138 itate

64 1092 167 1213 gilae.
188 1149 249 1212 vl.
289 1149 335 1211 At
357 1148 473 1221 credo,
495 1145 574 1208 haec
596 1146 691 1210 homo
712 1147 939 1225 inconsultus,
962 1159 996 1214 et
1015 1160 1164 1220 teme-16

18 1236 129 1306 rarius
150 1255 216 1294 non
236 1231 378 1294 ridebat.
408 1231 489 1308 Quia
512 1231 750 1293 consideratior
770 1231 853 1293 illo?
877 1235 949 1317 quis
970 1237 1113 1298 tectior?

19 1319 98 1402 quis
128 1315 346 1398 prudentior?
382 1335 570 1398 quamquam
612 1312 675 1376 hoc
712 1312 787 1375 loco
822 1315 1012 1380 Deiotarum
1048 1341 1115 1380 non

18 1410 92 1462 tam
121 1399 274 1480 ingenio,
308 1397 767 1482 etprudentia,.qnan1fidc
792 1405 825 1458 ct
846 1399 1004 1481 religione
1026 1401 1125 1464 vitae.
1172 1395 1175 1402 ²

20 1483 265 1544 defendendum
284 1488 375 1564 puto.
417 1479 514 1544 Nota,
532 1479 596 1542 tihi
629 1487 703 1556 est,
735 1479 773 1542 G.
802 1481 947 1560 Caesar,
975 1483 1115 1546 hominis

1013 1673 1114 1688 Μ

13 1791 105 1844 Rom,
123 1795 260 1856 tyrannus.
296 1785 389 1852 Supra
412 1783 539 1854 plerique
556 1781 636 1835 Patr.
654 1779 742 1836 Areh.
762 1783 831 1838 Bar.
854 1785 918 1838 (lol.
932 1787 1034 1842 Drcsd.
1051 1788 1113 1846 Eri.

16 1861 100 1913 061.
114 1859 202 1909 Vena.
218 1862 285 1908 text.
303 1857 376 1926 'cujus
391 1851 541 1924 firocitati's
557 1853 617 1906 'siue
632 1862 740 1912 tantae,
758 1856 838 1923 prob.
854 1855 986 1914 Graevio.

74 1931 235 1986 distamus,
256 1927 420 1994 discerptus,
439 1926 606 1977 dilaceratus
623 1941 677 1974 una
696 1943 755 1976 cum
772 1933 824 1976 etc.
845 1927 878 1978 de
894 1927 928 1978 N.
944 1929 979 1979 D.
994 1927 1045 1979 III
1060 1929 1114 1982 122

16 2001 136 2070 Corpus!
154 1997 300 2050 immortale
321 1997 423 2047 nullum
440 2014 512 2054 esse,
539 1995 610 2062 quod
624 1995 715 2046 dirimi
729 1996 879 2046 distrahive
892 2015 945 2048 non
954 2001 1049 2067 possit.
1085 2017 1114 2068 p.

15 2073 106 2126 Sulla
123 2067 177 2121 993
213 2067 456 2119 nonistorum
479 2066 675 2118 diuellieitias
696 2084 728 2116 ac
746 2066 863 2118 distrahi
873 2085 951 2136 posse
967 2069 1050 2120 dicus.
1084 2088 1113 2138 p.

17 2146 104 2196 Sext.
123 2138 178 2191 963
217 2139 252 2188 Ut
273 2137 364 2188 sedens
380 2154 436 2188 cunc
446 2154 566 2206 purpura
583 2145 609 2187 et
623 2143 725 2205 sceptro
738 2140 865 2206 praeconi
876 2138 984 2206 publico
1002 2139 1113 2208 subjice-

19 2221 116 2269 retur,
135 2237 166 2248 -·
195 2227 252 2262 cum
276 2209 350 2258 boreis
370 2208 487 2258 omnibus
503 2203 695 2277 publicaretur.
729 2207 789 2258 Alii
813 2209 966 2276 explicant:
992 2210 1114 2266 divulsus

25 2284 64 2334 ab
84 2281 195 2332 aliorum
210 2297 305 2347 regum
315 2285 367 2330 ctu.
384 2279 535 2340 societate;
556 2295 691 2346 comparr.
705 2296 732 2347 p.
740 2278 802 2346 Lig.
812 2280 834 2348 3.
846 2279 873 2334 6.
893 2278 1008 2330 otum
1017 2277 1046 2341 6,
1057 2279 1114 2332 593
1141 2335 1145 2342 ,

17 2351 111 2405 Nata
122 2352 196 2401 euobis
210 2351 323 2400 societas
333 2353 396 2399 'cum
409 2350 592 2418 tyrannim-et
600 2350 691 2418 potius
706 2367 804 2399 summa
816 2348 956 2402 distractio
973 2357 1020 2401 est.
1046 2351 1114 2403 Sco.

17 2443 66 2496 ep,
90 2419 142 2472 663
171 2421 256 2483 Quium
272 2422 357 2471 uisum
370 2418 468 2488 fuerit,
487 2419 637 2469 distraham
651 2437 708 2468 cum
722 2419 770 2470 illo
785 2422 944 2472 societatem.
981 2419 1038 2472 Pro
1055 2422 1115 2474 vul·

14 2502 91 2564 gato
108 2492 227 2554 Qucum
242 2490 290 2541 ille
302 2490 387 2549 modo,
405 2488 468 2544 Eri.
483 2487 568 2541 labet
584 2489 720 2558 qnornodo.
734 2504 763 2542 v.
780 2489 868 2542 (iuer.
880 2492 915 2543 ad
930 2491 990 2543 Cic.
1003 2493 1115 2545 Acadd.

6 2568 29 2619 I
51 2563 117 2622 11,
135 2561 173 2616 41
194 2563 378 2620 adnotantur,
396 2559 444 2612 has
460 2561 705 2629 particulaevario
723 2561 1115 2631 ellipsiponi3ut1‘aradox.

9 2638 55 2697 4,
80 2631 138 2685 153
176 2631 310 2694 Quomodo
330 2632 428 2700 ip'itur,
455 2638 495 2682 tot
509 2631 610 2700 lapibus
628 2629 739 2698 ejectum
765 2633 866 2683 exsulis
882 2650 974 2684 noncen
989 2651 1042 2684 nou
1053 2651 1114 2702 per·

5 2703 174 2759 horrescis?
192 2721 263 2770 pro=
282 2700 408 2768 quomodo
422 2700 470 2773 fit,
489 2709 520 2750 ut
534 2707 582 2752 cto.
624 2701 791 2752 Verborum
807 2703 881 2754 domo
899 2704 997 2757 absunt
1015 2722 1031 2755 a
1044 2706 1114 2756 Bar.

5 2775 126 2830 Dresd.
150 2771 222 2824 Pith.
248 2777 310 2824 octo
332 2771 412 2822 Parr.
438 2770 604 2824 ozanen.
630 2770 734 2824 1472:
753 2771 819 2823 Mox
837 2793 928 2825 omnes
946 2773 1114 2828 Parr.011.

2 2844 111 2902 Arch.
127 2845 193 2894 Bav.
212 2845 292 2894 llom.
308 2841 397 2894 Vena.
413 2841 560 2892 clarissimo
574 2841 643 2912 filio.
662 2841 734 2893 Phil.
751 2842 796 2893 XI
812 2843 866 2896 153
894 2844 1017 2912 Deiotari
1033 2845 1113 2914 repis,

11 2928 40 2970 p
54 2914 151 2988 patris
166 2919 191 2963 et
204 2914 269 2986 filii,
288 2920 314 2963 et
329 2931 437 2984 mapnus
454 2919 480 2962 et
495 2921 585 2963 rcostro
603 2929 672 2962 mora
688 2915 830 2964 instructus
847 2917 996 2966 exercitusr
1013 2931 1114 2965 samma

7 2993 41 3042 ἠ
57 2986 124 3059 filio
138 3001 211 3052 spes,
230 3001 329 3034 sumnia
345 2984 445 3055 inpcnii
457 2982 574 3042 indoles,
592 3001 692 3034 summa
707 2985 803 3035 uirtus.

70 3055 127 3111 VI.
147 3055 169 3122 3.
190 3053 237 3106 16.
273 3055 474 3106 comideratior.
511 3054 639 3107 Notanda
657 3059 699 3106 est
721 3055 810 3106 activa
827 3051 882 3122 lruj.
901 3053 1030 3122 adjectivi
1052 3070 1113 3104 ver·

0 3150 1 3161 ¹
28 3129 95 3182 alis
110 3125 159 3177 vis.
196 3125 244 3176 Sic
264 3126 298 3176 de
317 3125 386 3194 llep.
406 3125 434 3175 V
452 3125 527 3192 apud
545 3124 616 3176 Non.
637 3123 672 3184 4,
699 3123 777 3175 9813
818 3122 967 3173 Marcellus
992 3132 1022 3172 ut
1052 3139 1115 3174 acer

6 3209 36 3250 »t
55 3213 190 3268 pupaax,
217 3195 353 3246 dioximus
381 3201 410 3243 ut
435 3194 618 3244 carnideratus
642 3201 667 3244 et
692 3193 785 3244 lentus.
827 3193 936 3245 dessff.
952 3192 968 3243 1
985 3193 1040 3254 17,
1058 3189 1114 3246 iilia

37 3268 103 3322 ihil
120 3265 260 3330 amabilius
277 3282 323 3315 nec
338 3264 488 3331 copulatius
502 3281 580 3330 quam
601 3264 703 3315 morani
715 3263 862 3316 similitudo
886 3265 1020 3316 bonorum.
1043 3281 1069 3316 v.
1085 3283 1113 3332 p.

37 3356 107 3392 aec.
120 3337 146 3388 1.
163 3337 198 3386 Iu
206 3336 299 3390 verbis
309 3351 385 3403 seqq.
393 3333 473 3385 Pare.
489 3333 515 3384 5.
526 3334 553 3384 7.
563 3335 631 3390 Bar.
649 3333 722 3388 01¹,
738 3336 850 3396 tectior3
871 3335 958 3386 ceteri
976 3353 1035 3386 cum
1051 3335 1113 3386 cdd.

37 3427 102 3463 om.
112 3407 201 3464 Vcnn,
210 3408 317 3466 rectior,
329 3406 427 3473 quoda
437 3403 559 3457 Graevio
570 3405 730 3474 repositum,
741 3423 827 3473 neque
837 3407 913 3474 ¹inter
921 3406 1116 3458 consideratior

2 3512 5 3517 ·
20 3491 36 3535 t
45 3475 215 3550 prudentior
224 3478 314 3528 locum
321 3475 414 3535 habet,
433 3493 522 3544 neque
530 3476 573 3536 iis,
585 3494 652 3544 qnae
661 3477 788 3527 continuo
800 3482 960 3545 sequuntur,
971 3479 1114 3532 ,convenit

33 3549 99 3604 ihil
110 3555 198 3599 antem
212 3548 266 3600 ista
282 3547 483 3618 permutatione
500 3547 670 3615 Frequentius
689 3547 808 3597 inlibris
822 3545 898 3600 alsia.
918 3547 967 3598 Sic
985 3564 1068 3613 supra
1085 3547 1115 3598 iu

0 3657 26 3689 :
52 3623 91 3674 2.
117 3619 212 3685 plures
239 3619 307 3669 libri
330 3635 421 3688 repere
443 3634 495 3687 pro
517 3625 612 3688 tepere.
647 3633 672 3669 v.
693 3616 766 3668 Phil.
791 3618 820 3670 X
841 3617 871 3682 5.Ι
891 3617 934 3668 ad
944 3615 1068 3668 att..v1
1087 3617 1116 3671 l.

0 3711 81 3762 ag.
104 3687 173 3743 684.
193 3687 246 3741 Gr.
281 3689 333 3740 Est
356 3693 445 3740 autem
470 3696 553 3738 tectus
574 3685 600 3738 h.
618 3686 636 3738 l.
656 3689 790 3748 occultus,
812 3705 901 3747 canus,
921 3703 974 3738 nou
988 3687 1115 3741 incautus

21 3785 54 3819 v.
77 3760 152 3812 Hor.
173 3760 234 3812 Sat.
249 3758 267 3810 1
282 3760 311 3819 ὅ,
330 3756 400 3826 61],
421 3775 507 3827 eoque
526 3775 606 3810 seusu
621 3760 769 3827 opponitur
786 3766 827 3832 aqi
845 3765 960 3828 apertus.
997 3757 1115 3814 Verr.1

0 3837 70 3890 »42
112 3830 193 3892 Nilat
215 3830 248 3880 ab
271 3831 322 3880 isto
336 3835 446 3887 tectum,
473 3829 543 3880 ailcil
559 3823 747 3880 veteratorium
765 3829 1005 3899 exspectaveritis!
1025 3828 1115 3879 omraia

8 3909 115 3979 perta
131 3901 303 3970 reperientur.
338 3898 418 3950 Finu.
434 3898 468 3950 Π
483 3899 538 3952 173
574 3897 622 3959 1⁸,
645 3901 693 3966 qui
714 3900 831 3952 occultus
853 3906 880 3950 et
899 3907 982 3950 tectas
999 3899 1114 3958 dicitur,

1 3982 124 4032 aratum
141 3973 231 4030 abest,
249 3978 321 4031 utre
337 3969 436 4022 indicet
451 3977 499 4022 etc.
538 3969 617 4026 Orat.
634 3969 747 4038 §.1462
783 3969 910 4021 Fortasse
927 3971 1009 4021 ceteri
1023 3972 1114 4022 tectio·
1150 4009 1152 4014 .

5 4057 139 4182 ῗίὗὲζ
155 4039 1114 4166 ttttt‘'t‘'“tttstttt‘lttttt·1›¹{3⁸tt⁰r:l.¹‘·²t¹¹..¹.tt

66 4186 124 4238 ita.
160 4200 185 4236 v.
198 4183 272 4233 infra
288 4183 311 4250 3.
326 4180 375 4234 57.
411 4181 500 4234 Iidem
516 4200 576 4234 cum
585 4181 651 4236 Par.
668 4179 696 4234 9.
712 4179 824 4250 [oon]
842 4182 913 4237 Vcn.
924 4180 1004 4234 1499
1018 4180 1112 4233 cadere

13 4263 127 4314 osset‚·
154 4253 243 4306 ceteri
261 4253 342 4304 Parr.
362 4253 432 4304 Bav.
454 4252 527 4304 05¹.
550 4251 912 4305 annuntiantium
936 4251 1051 4304 caderet.
1083 4267 1111 4320 p.

0 4328 99 4384 ulla
115 4323 174 4376 2⁷2
209 4323 272 4375 Non
295 4322 369 4376 eadit
391 4323 419 4374 in
442 4322 490 4374 lios
514 4341 614 4383 rnores,
644 4339 696 4372 nan
717 4322 747 4372 in
766 4321 834 4374 launo
854 4321 994 4392 pudorem,
1018 4323 1113 4374 nonin

22 4415 83 4450 'ac
102 4395 206 4455 uitam,
224 4411 277 4446 non
290 4395 318 4446 in
331 4391 399 4448 1333333
414 4393 541 4454 dominam
554 4395 609 4446 ista
621 4393 746 4464 suspicio.
