2854 5024
252 353 309 432 m
639 347 977 408 ounrso
1084 409 1086 412 ,

250 518 351 582 facila
372 517 514 600 primns,
535 523 604 582 tum
625 518 732 600 gratia
753 525 850 660 atnqne
869 515 1024 601 bospitiis
1045 503 1166 578 dos-ens
1179 498 1344 582 ‘bodium

252 602 537 664 nobilissimorum.
580 600 662 662 Nam
678 622 750 663 cum
806 597 933 674 stellis,
954 600 1120 674 Serviliis,
1142 601 1345 683 Scipionibus

253 694 324 747 erat
354 686 386 746 ei
417 707 484 747 non
512 685 610 746 modo
641 684 839 765 hospitium,
881 685 1123 746 verumetiam
1153 684 1345 746 domesticus

250 789 331 830 usus
368 775 401 830 et
437 767 662 830 consuctudos
704 787 786 850 quas
818 767 878 850 (ut
907 788 1046 852 aequum
1077 766 1153 851 est)
1193 767 1346 866 familias,

251 849 435 912 honestatis
459 849 747 934 amplitudinisque
770 850 875 930 gratia
896 852 1037 912 nomino.
1080 850 1199 934 ltaque
1224 871 1267 912 cx
1287 850 1346 911 suis

251 935 399 998 omnibus
433 935 608 1004 commodis
638 934 702 994 boc
733 933 838 994 solum
864 931 933 994 lilio
959 931 1107 1016 reliquit.
1150 937 1225 994 nam
1255 933 1347 1016 patri·

226 1024 228 1032 '
249 1018 392 1078 monium
422 1013 596 1078 domestici
616 1017 801 1098 praedones
822 1017 857 1077 vi
880 1023 1028 1096 ereptum
1048 1017 1225 1098 possident
1234 1040 1250 1076 t.
1274 1018 1347 1076 fama

251 1107 286 1161 et
306 1102 377 1162 vita
397 1100 585 1162 innocentis
604 1100 645 1160 ab
663 1099 850 1181 hospitibus
871 1100 1050 1182 amicisque
1070 1100 1218 1180 paternis
1244 1101 1346 1160 defen·

203 1177 351 1244 lliditur.
394 1183 462 1244 llic
484 1205 557 1244 cum
584 1183 673 1246 omni
701 1190 847 1264 tempore
873 1181 1060 1244 nobilitatis
1082 1184 1193 1244 fautor
1214 1184 1346 1254 luisset,

250 1275 320 1328 tum
340 1265 404 1328 boc
425 1267 567 1329 tumultu
588 1266 759 1349 proximo,
782 1287 853 1327 cum
874 1266 1016 1327 omnium
1030 1266 1189 1328 nobilium
1211 1265 1345 1346 dignitas

252 1357 287 1412 et
324 1349 413 1427 salus
454 1349 491 1410 in
512 1351 700 1412 'discrimen
731 1349 881 1423 veniret,
925 1358 1059 1430 praeter
1090 1358 1220 1410 ceteros
1253 1350 1289 1410 in
1315 1371 1346 1408 ca

237 1429 533 1508 ¹molnitum-cum
554 1439 680 1516 partem
702 1453 897 1518 causamque
919 1453 1040 1515 opera,
1062 1433 1193 1508 studio,
1216 1431 1345 1498 anctori-

303 1637 434 1692 llletellls.
470 1637 669 1702 Nobilitatcm,
692 1640 890 1708 ‘fortunamque
909 1657 1005 1692 eornm
1023 1637 1122 1694 laudat
1137 1631 1217 1691 Veli.
1237 1639 1298 1692 Pat.
1312 1635 1342 1688 ll.

252 1707 301 1763 ss.
328 1710 352 1777 ξ
374 1709 411 1760 5:
456 1707 592 1762 Caeciliae
613 1711 739 1782 similius
762 1711 882 1763 notanda
907 1709 1042 1762 claritudo
1068 1718 1125 1761 est:
1161 1709 1262 1780 quippe
1286 1713 1341 1760 iutra

250 1779 315 1830 XII
324 1779 408 1848 ferme
426 1795 510 1831 annos
526 1780 606 1850 trajan
623 1783 748 1852 temporis
766 1782 887 1834 consuetus
902 1779 979 1849 fuere
996 1781 1122 1840 Metelli,
1150 1788 1199 1831 aut
1222 1796 1339 1834 nemora,

250 1858 301 1902 aut
324 1851 523 1921 triumpburuut
548 1852 661 1918 umpliua
687 1851 759 1904 m
793 1870 820 1906 v.
840 1853 920 1904 eund.
934 1851 960 1904 I.
979 1851 1060 1921 ll.§
1086 1850 1115 1902 6.
1149 1847 1334 1920 Intelligilt

249 1921 382 1974 videntur
400 1921 437 1991 Q.
453 1920 594 1973 Caecilius
608 1920 742 1974 Metellus
760 1923 942 1982 Numidicus,
967 1929 996 1974 et
1011 1921 1048 1990 Q.
1067 1920 1211 1974 Caecilius
1226 1920 1336 1974 Metellus

168 2003 171 2007 ’
248 1991 363 2062 Nepos,
390 1993 533 2044 Balearici
548 1991 642 2051 tilius¹
669 1991 703 2043 de
728 2009 783 2060 quo
806 1995 952 2064 Appianas
971 1992 1005 2044 C.
1022 1993 1048 2044 1.
1067 1991 1116 2045 80.
1141 1991 1214 2044 baec
1243 1991 1339 2046 scribit:

247 2061 340 2120 Auses
360 2062 479 2130 [Sullae
502 2063 663 2114 Brundusio
684 2061 801 2116 Romam
825 2083 887 2116 cum
910 2065 1036 2116 exercitu
1057 2062 1253 2133 proficiscenti
1279 2082 1303 2115 u.
1322 2077 1338 2112 c.

246 2117 338 2202 6⁷1]
366 2121 518 2200 Μέτελλος
537 2131 701 2208 ,Καικίλιος
730 2133 895 2200 dilucebit
922 2163 956 2174 ·-
982 2133 1171 2202 αὐτόκλήτος
1190 2137 1338 2210 σύμμαχος

246 2206 367 2268 ἀπήντα
385 2205 452 2272 μεθ’
470 2198 505 2269 ἧς
524 2209 587 2272 εἰχε
605 2202 781 2275 συμμαχίας
788 2239 801 2274 -,
821 2203 999 2270 ἀνθύπατος
1013 2203 1056 2261 ἔτι
1075 2202 1129 2272 du.
1261 2221 1268 2238 ’·

136 2329 140 2340 1
300 2272 438 2326 Seruiliis.
473 2273 700 2342 Antiquissimum
717 2278 827 2340 gentem
839 2273 1042 2334 Serviliorum,
1059 2271 1138 2343 'qnos
1153 2275 1214 2344 jam
1233 2291 1250 2326 a
1267 2270 1337 2324 Tullo

97 2343 99 2353 ¹
151 2371 153 2376 v
246 2341 371 2396 Hostilio
394 2361 427 2396 ex
451 2345 630 2414 principibus.
640 2343 814 2394 Albanorum
839 2343 868 2394 in
882 2341 982 2396 Patres
999 2345 1106 2406 lectos,
1138 2345 1243 2397 scribit
1258 2343 1339 2396 Livius

246 2412 350 2474 150,
379 2413 556 2466 Sullanarum
570 2415 691 2484 partium
706 2415 809 2474 fuisse,
829 2413 913 2467 docet
928 2415 1003 2466 idem
1017 2415 1095 2468 velt.
1110 2414 1152 2466 Π.
1169 2414 1230 2468 282
1265 2411 1338 2465 Puto

246 2490 391 2551 antequam
407 2483 489 2535 Sullu
503 2484 540 2538 ud
556 2487 734 2555 sacriportum
749 2485 906 2544 dimicaret,
932 2485 1080 2556 magnificis
1095 2484 1213 2554 proellis
1233 2485 1338 2556 partium

247 2553 306 2624 agius
319 2556 374 2605 uiri
390 2553 507 2609 bostium
523 2558 668 2607 exercitum
679 2555 826 2626 fiderunt,
844 2555 896 2606 duo
915 2543 1029 2608 Seruilii
1046 2556 1119 2624 apud
1137 2553 1278 2616 Circeium,
1295 2552 1339 2604 lte·

246 2625 331 2676 tellau
356 2625 424 2678 Pius
450 2627 522 2697 upud
546 2624 722 2688 Faventiam,
749 2626 789 2677 Μ.
805 2624 936 2677 Lucullus
957 2628 1031 2678 circu
1046 2627 1208 2678 bidentium.
1247 2627 1338 2678 Horun

246 2712 317 2747 unus
340 2695 373 2748 P.
400 2698 538 2750 Servilius
558 2697 706 2750 Isauricus
730 2695 815 2749 Cous.
833 2695 895 2748 6⁷5
921 2713 982 2748 cum
1005 2699 1102 2769 Appio
1121 2695 1246 2750 Claudio
1269 2697 1338 2747 fuisse

245 2765 368 2826 videtur.
394 2785 420 2821 r.
442 2769 519 2838 App.
545 2767 579 2822 C.
604 2768 630 2821 Ι.
658 2767 727 2821 105.
771 2768 816 2820 lle
844 2767 1023 2838 Scipionibus
1049 2787 1075 2823 v.
1095 2786 1118 2820 c.
1138 2767 1188 2820 28.
1216 2767 1337 2821 Servilios

244 2844 404 2906 praeterea,
424 2839 626 2909 Scipionesque
641 2845 706 2892 cum'
716 2839 840 2891 Metellis
851 2840 1060 2908 propinquitate
1078 2839 1241 2908 conjunctos
1255 2839 1335 2892 cause.

161 2945 164 2950 -
244 2909 352 2963 indicat
376 2908 497 2971 Cicero,
526 2913 573 2979 qui
596 2913 625 2963 iu
651 2907 707 2962 nrr.
730 2915 796 2980 post
818 2910 878 2960 rod.
906 2911 941 2958 ad
960 2910 1041 2978 Quir.
1057 2911 1086 2964 ὅ.
1109 2911 1194 2969 etin
1216 2903 1337 2963 Sensli.

108 3019 112 3026 ,
190 2997 192 3002 ’
243 2977 394 3041 Lucullos,
413 2982 568 3042 Servilios,
587 2981 788 3052 Scipionesque
805 2979 983 3035 Metellarum
1000 2981 1074 3033 tilios
1091 2981 1224 3034 nominat.

298 3052 420 3103 turnultus.
458 3051 520 3104 Cic.
544 3051 618 3104 Pbil.
645 3051 732 3104 VIII.
759 3052 795 3105 l:
830 3051 926 3102 Potest
951 3070 1007 3102 esse
1025 3053 1123 3104 bellum
1136 3051 1196 3102 sine
1217 3049 1334 3102 tumulus,

235 3121 373 3173 'numultus
395 3139 452 3173 esse
474 3125 533 3174 siue
558 3123 628 3174 bello
653 3141 706 3174 nou
723 3127 821 3193 potest.
860 3119 934 3184 Quid
951 3129 992 3172 est
1014 3124 1084 3173 enim
1102 3121 1180 3172 uliud
1204 3121 1334 3172 tumultus,

244 3194 299 3243 nisi
313 3194 482 3260 perturbatio
499 3199 586 3253 tauta,
605 3201 636 3256 ut
652 3193 739 3264 neojur
754 3195 835 3244 timor
848 3194 975 3244 oriatur?
995 3193 1064 3244 uude
1080 3193 1162 3244 etium
1176 3210 1269 3244 scorteu
1283 3189 1334 3240 due-

243 3271 300 3313 tum
316 3269 357 3312 est
371 3265 507 3314 tumultus.
542 3263 641 3332 Itaque
658 3263 772 3336 niujores
789 3264 877 3314 nothi
893 3264 1032 3314 tumultum
1046 3264 1186 3320 italicum,
1205 3261 1276 3332 quod
1286 3263 1334 3310 erut

242 3331 419 3392 deruentium,
438 3335 577 3386 tremultum
591 3336 736 3407 pullicum,
755 3334 827 3402 quod
844 3340 905 3386 erut
920 3333 1023 3387 Italiae
1036 3335 1181 3406 finitimus,
1207 3339 1334 3405 praeterea

243 3404 346 3456 nullum
377 3406 558 3458 nominabant.
604 3405 725 3458 Grauius
751 3413 839 3456 autem
859 3406 999 3456 tumultum
1021 3424 1095 3465 esse,
1127 3421 1209 3472 quum
1233 3403 1333 3456 bellum

243 3473 306 3526 binc
324 3474 442 3546 intelligi
459 3477 540 3536 licet,
565 3477 637 3545 quod
655 3478 724 3530 bello
741 3478 901 3530 uacationes.
913 3477 1021 3535 ualent,
1048 3477 1163 3527 &tumltu
1179 3493 1233 3526 non
1247 3470 1333 3526 ualent·

245 3545 430 3598 Consentiunt
448 3547 547 3599 Festus
563 3566 589 3602 v.
605 3545 793 3605 tumultuarii,
813 3546 929 3600 Servius
947 3549 983 3598 ad
999 3548 1082 3615 Virg.
1098 3545 1187 3598 VIII.
1207 3547 1234 3599 l.
1267 3543 1333 3594 Idem

244 3617 282 3670 ad
304 3617 376 3668 Aen.
399 3617 453 3668 xl.
478 3617 559 3670 897:
598 3619 736 3670 Tumultus
767 3617 869 3669 dicitur
898 3618 1012 3676 bellum,
1046 3617 1119 3686 quod
1152 3615 1256 3685 diffirri
1288 3625 1332 3662 utr-

237 3693 337 3756 potest.
383 3687 475 3756 Quum
503 3689 626 3741 additum
651 3691 688 3740 sit
712 3689 855 3758 proximo,
881 3691 969 3740 miuus
991 3687 1113 3758 intelligi
1137 3689 1248 3740 ridetur
1263 3683 1331 3753 prior

242 3757 304 3816 ille,
325 3775 377 3825 quo
396 3760 516 3812 Octavio
536 3766 564 3812 et
578 3760 689 3812 Merula
704 3761 784 3812 Coss.
797 3765 828 3812 u.
845 3778 868 3811 c.
884 3759 955 3820 667,
975 3758 1066 3811 Cinna
1085 3766 1113 3812 et
1130 3757 1235 3810 illarius
1248 3755 1331 3805 arbem

242 3829 363 3896 ingressi
376 3829 509 3897 plurimos
528 3832 661 3883 adversae
677 3832 767 3900 partis
781 3831 891 3882 nobiles
909 3837 991 3898 atquc
1011 3833 1080 3884 adeo
1100 3831 1220 3882 civitatis
1242 3821 1329 3895 princi·

240 3916 293 3968 pes
307 3901 482 3954 trucidarant
500 3902 593 3971 [App.
610 3900 645 3954 C.
657 3901 682 3952 I.
698 3901 747 3954 71.
765 3907 793 3953 et
808 3900 869 3953 Cic.
888 3901 924 3953 N.
937 3902 974 3952 Β.
990 3900 1049 3954 ΙΠ.
1067 3900 1156 3969 511.];
1175 3901 1225 3952 sed
1238 3895 1328 3949 bellun¹

229 3965 406 4029 Sullanum,
435 3974 510 4040 quod
527 3974 636 4024 initium
653 3974 728 4042 cepit
746 3971 780 4022 C.
796 3972 948 4034 Norbano,
975 3971 1008 4022 L.
1028 3972 1160 4043 Scipione
1179 3969 1256 4022 Coss.
1271 3984 1294 4016 u·
1308 3976 1327 4010 θ·

240 4039 322 4100 670,
342 4046 370 4092 ct
383 4042 544 4110 insequente
561 4061 631 4096 anno
649 4044 763 4112 Papirio
781 4040 910 4095 Carbone
926 4043 986 4094 ΠΙ.
1006 4049 1035 4096 et
1051 4042 1085 4095 C.
1102 4043 1203 4101 Mario,
1222 4035 1327 4106 septimlt

243 4111 365 4162 consulis
391 4112 449 4162 lilio
466 4131 553 4174 coss„
579 4115 671 4165 Murio
689 4131 738 4166 sua
752 4131 833 4164 manu
847 4116 1032 4183 interempto,
1053 4120 1134 4182 atque
1149 4113 1291 4164 Praeneste
1304 4104 1326 4151 el

241 4172 341 4234 Norba
356 4185 454 4252 captis,
473 4185 502 4234 in
518 4185 603 4238 utun
619 4185 727 4237 crium
742 4191 792 4236 ess.
811 4186 886 4256 App.
906 4180 940 4237 c.
954 4185 980 4236 1.
996 4183 1122 4238 ssu-su.
1140 4183 1201 4236 niv.
1211 4182 1272 4250 epit.
1285 4170 1324 4256 tt·

240 4251 318 4302 Vell.
336 4254 397 4304 Put.
416 4254 458 4304 11.
474 4254 602 4310 tis-28..
635 4258 715 4308 Idem
736 4273 834 4307 nomen
859 4256 922 4308 buic
946 4257 1023 4310 civili
1046 4256 1123 4308 bello
1143 4253 1254 4326 imponit
1273 4245 1322 4322 0¹?-

151 4323 153 4326 ’
239 4323 367 4378 inurat.
384 4325 497 4394 §.511³
538 4327 675 4378 Tuumltus
698 4319 809 4380 'iuterim
830 4345 881 4396 pro
908 4327 1091 4401 recuperanda
1110 4345 1166 4400 rep.
1181 4334 1209 4380 et
1222 4314 1322 4378 undele

240 4395 364 4448 interitus
383 4404 520 4450 oratorum
536 4400 625 4452 trium.
659 4417 686 4454 v.
703 4399 776 4473 Nep.
790 4399 880 4456 Attia.
896 4397 925 4454 2.
