2766 5018
250 247 270 290 b

320 385 415 441 ano
442 383 567 444 unca
594 381 864 442 nnroreno.
1052 390 1135 468 457
1180 335 1184 344 ¹

44 555 118 618 Vos
148 561 258 618 restra
289 553 433 616 secunda
461 554 609 628 tortum,
640 554 780 630 Castor,
811 575 879 618 non
897 555 1038 638 potastis
1066 555 1136 616 sinc

41 638 304 722 propinquorum
326 637 508 698 calamitate
531 656 602 696 esse
626 638 801 698 contenti?

113 722 192 782 Gna.
214 720 276 780 xl.
319 720 393 780 Sint
415 740 492 780 sane
513 717 722 793 inimicitiae,
753 741 835 802 quae
858 741 931 781 esse
952 743 1019 782 non
1040 719 1188 781 daho-so

41 805 139 866 hant.
180 803 253 864 Rex
274 803 358 864 enim
378 803 552 862 Deiotarus
574 803 904 877 restaurationum,
927 803 1084 865 abiectam
1105 811 1139 864 et

44 889 234 959 obscuram,
257 908 274 946 e
296 886 442 946 tenebris
463 885 498 945 in
520 883 624 946 lucem
648 886 803 946 evocavit.
827 887 898 968 quis
913 894 1002 946 tuum
1015 893 1138 967 patrem

45 967 196 1050 antea1),
219 969 395 1050 quiesset,
418 991 511 1052 quam
534 968 624 1028 cuius
648 987 747 1047 gener
769 977 869 1042 esset,
891 969 1040 1030 audivit?
1071 967 1158 1045 Sed¹

44 1051 195 1136 quamvis
225 1051 349 1132 ingrate
382 1058 416 1114 et
445 1050 542 1132 impie
570 1051 823 1112 necessitudinis
852 1073 969 1112 nomen
988 1052 1138 1134 repudia-

43 1137 132 1196 retis
145 1133 184 1214 ²),
207 1141 313 1194 tamen
332 1133 521 1194 inimicitius
543 1133 703 1194 hominum
724 1156 810 1194 more
832 1155 944 1215 perere
967 1134 1138 1216 poteratis,

42 1239 114 1279 non
138 1219 219 1282 ,fleto
260 1217 391 1280 crimine
421 1215 594 1290 insectari,
633 1238 699 1276 non
731 1225 884 1297 expetere
912 1218 1030 1292 vitam,
1072 1239 1139 1278 non

46 1299 171 1382 capitis
189 1320 369 1360 accersere.
410 1298 510 1360 Esto:
543 1300 741 1360 concedatur
761 1299 841 1360 haec
864 1322 992 1386 quoqne
1014 1299 1138 1362 acerbi·

45 1384 129 1444 tatis
161 1389 194 1442 et
220 1382 288 1444 odii
308 1382 517 1462 magnitud03
547 1382 692 1456 adeone,
724 1382 794 1465 ut³)
819 1383 924 1444 omnia
944 1384 1030 1456 ritae
1053 1381 1139 1443 saln-

45 1467 160 1548 tisqne
184 1464 371 1539 communis,
394 1473 489 1547 atque
512 1466 608 1526 ctiam
629 1463 836 1526 humanitatis
859 1466 930 1527 iura
951 1465 1138 1527 violentur?

46 1570 178 1609 servum
201 1547 380 1609 sollicitare
402 1548 529 1608 verbisc
560 1568 638 1627 spe,
661 1549 893 1632 promissisque
917 1569 1136 1631 corrumperes

46 1631 212 1692 abducere
233 1630 376 1691 domum:
400 1638 513 1691 contra
536 1631 696 1690 dominum
720 1653 859 1691 armare:
883 1630 945 1692 hoc
968 1641 1040 1707 est,
1072 1653 1138 1692 non

45 1713 110 1774 uni
139 1713 341 1796 propinquo,
371 1715 429 1774 sed
456 1712 601 1776 omnibus
634 1713 765 1774 familiis
793 1713 988 1796 nefarium³)
1017 1714 1138 1775 bellum

44 1796 209 1858 indicere.
250 1796 408 1856 mamista
438 1795 622 1877 corruptela
651 1795 814 1868 servi,-si
835 1819 900 1857 non
920 1799 1014 1859 modo
1036 1799 1139 1878 impu·

46 1881 121 1939 nita
144 1878 253 1948 fucrit,
276 1879 336 1938 sed
358 1880 452 1940 etiam
475 1901 493 1939 a
513 1887 604 1940 tanta
625 1877 819 1940 auctoritate
835 1880 1028 1960 approbatur
1055 1879 1139 1939 nulli

46 1961 194 2044 parietes
217 1969 359 2022 nostram
381 1961 538 2035 salutem,
566 1960 673 2020 nullae
695 1961 806 2041 leges,
828 1961 917 2020 nulla
938 1963 1007 2021 iura
1030 1969 1139 2021 custo·

50 2045 156 2104 dient.
179 2044 243 2104 Ubi
265 2044 349 2104 enim
370 2044 417 2118 id,
440 2046 526 2128 quod
547 2043 634 2104 intus
658 2052 709 2105 est
722 2051 817 2126 atque
832 2051 988 2117 nostrum,
1009 2043 1138 2124 impune

50 2126 183 2187 evolare
211 2135 342 2208 potest,
374 2135 549 2211 contraque
580 2149 638 2187 nos
660 2147 822 2207 pugnare:
862 2128 899 2187 fit
919 2127 954 2186 in
976 2127 1140 2188 dominatu

107 2284 139 2351 1)
157 2289 228 2335 ante.
265 2281 296 2353 2)
313 2285 501 2354 repudiaritis.
537 2281 568 2354 5>
585 2289 616 2336 ut
633 2284 722 2336 etiam.
757 2282 790 2350 1)
807 2283 911 2338 bellun
927 2283 1071 2338 nefarium.

106 2474 160 2528 xl.
179 2475 203 2544 §-
222 2475 271 2529 50.
305 2497 319 2528 c
336 2480 450 2530 tenebris
472 2507 502 2519 -
521 2480 648 2531 evocavit.
684 2477 764 2531 Hanc
780 2477 855 2530 moll.
879 2477 960 2544 codd.
977 2477 1142 2546 scripturam

50 2549 145 2600 firmat
161 2548 266 2599 Fronto
282 2549 310 2598 in
325 2549 377 2602 lix.
394 2550 440 2600 El.
457 2566 483 2617 p.
499 2547 567 2601 titt.
597 2549 669 2601 051.
685 2550 799 2601 vocavit.
819 2547 894 2601 091.
908 2550 1053 2604 revocavit.

103 2624 207 2686 patrem
226 2647 258 2657 -
277 2619 388 2669 audimt.
425 2619 528 2670 Eadem
547 2621 702 2687 Antiptosis
715 2621 790 2690 apud
806 2620 897 2671 Plaut.
913 2621 990 2671 Asin.
1006 2619 1023 2670 1
1041 2618 1068 2677 1,
1085 2615 1142 2668 dt·

51 2687 146 2740 Meam
163 2706 284 2746 uxorem,
307 2689 427 2748 Libane,
454 2692 538 2740 nescis
556 2691 644 2758 qualis
660 2693 724 2743 siet.
756 2687 816 2742 Cic.
842 2691 877 2740 ad
896 2690 972 2741 Fam.
988 2689 1066 2739 vlll
1086 2686 1142 2738 1οε

49 2759 136 2810 Nosti
152 2759 319 2816 Marcellum,
338 2777 421 2826 quomo
432 2759 526 2811 tardus
541 2768 567 2810 et
580 2779 675 2830 parurn
691 2761 782 2833 efficax
798 2762 842 2814 sit.
881 2759 972 2812 Etiam
986 2759 1013 2809 in
1029 2757 1107 2809 1.1v
1124 2755 1141 2806 1

50 2829 181 2880 nonnulli
199 2830 278 2879 codd.
295 2828 414 2884 habent=
449 2831 514 2881 Rem
531 2831 619 2890 uides,
648 2831 774 2899 quornodo
789 2848 817 2881 se
833 2832 939 2886 lrabeat,
972 2847 998 2882 r.
1014 2827 1064 2878 111
1079 2826 1142 2877 cat.

51 2902 81 2969 ξ.
98 2899 147 2950 24.
167 2899 234 2954 Ter.
247 2899 318 2951 Eun.
334 2901 361 2951 V
377 2900 413 2962 9,
433 2899 461 2952 ii.
482 2902 584 2954 fleant.
601 2902 618 2953 I
636 2903 669 2962 1,
689 2902 736 2954 50.
754 2909 782 2954 et
797 2903 906 2970 passim.
924 2929 956 2940 ·-
992 2899 1036 2951 Ex
1054 2895 1143 2948 Arch.

50 2973 125 3024 Bav.
148 2969 210 3020 arf.
236 2969 309 3021 041.
336 2988 405 3023 omn.
428 2971 507 3023 Parr.
529 2972 608 3024 Rom.
625 2973 714 3024 Venn.
732 2979 873 3038 receptum
897 2977 938 3021 est
956 2977 1043 3019 antea.
1077 2967 1144 3018 Max

50 3040 140 3092 iidem
163 3040 231 3090 libri
253 3041 445 3108 repudiaretis,
471 3044 592 3112 exceptis
608 3042 689 3094 Parr.
705 3042 733 3093 ii.
756 3041 803 3092 10.
820 3042 889 3092 Bau.
905 3040 992 3090 Vcnn.
1015 3037 1062 3107 qui
1084 3054 1144 3090 cum

50 3127 137 3163 nonu.
151 3110 222 3162 Pall.
240 3111 414 3179 repudiaritis
428 3115 474 3164 vel
489 3113 694 3180 repudiaveritr's
712 3111 821 3162 hahent.

110 3180 264 3230 inimicitias
292 3209 323 3220 -
348 3181 448 3250 pestem
484 3201 511 3251 p.
534 3182 634 3232 Coelio
656 3181 711 3232 15:
747 3181 838 3246 Nepae
861 3178 1000 3230 nauliebrcs
1024 3195 1146 3242 umquem

52 3251 211 3306 inimicitias
225 3249 289 3300 nidi
301 3251 430 3319 petendas
442 3254 546 3318 putavi.
583 3252 647 3302 Ter.
666 3251 734 3303 Hac.
753 3250 855 3310 1111,
874 3249 929 3302 5οε
964 3249 1020 3298 iras
1041 3255 1145 3316 perant.

110 3322 206 3389 eapitis
221 3337 364 3372 accersere.
401 3319 454 3371 01i'.
474 3320 578 3378 1111,
597 3320 651 3373 51ε
683 3320 743 3370 Hac
757 3327 924 3389 praeceptum
938 3317 1016 3390 officii
1033 3319 1145 3390 diligen·

53 3399 101 3441 tes·
116 3390 254 3441 tenendum
269 3396 317 3447 est,
335 3407 456 3457 nequem
474 3409 596 3457 uunquam
610 3392 771 3442 innocentem
780 3390 886 3459 judicio
902 3391 1006 3458 capitis
1016 3407 1145 3440 accersas.

52 3461 227 3512 Particulam
244 3461 336 3518 etiam,
362 3461 391 3510 in
412 3461 531 3528 vulgatis
554 3468 617 3529 post
634 3467 663 3510 ut
679 3462 814 3520 additam,
837 3461 965 3526 ignorant
976 3458 1063 3512 Arch.
1076 3460 1146 3512 Bar.

53 3533 140 3582 l‘arr.
157 3531 228 3583 01r.
243 3532 331 3581 Vena.
347 3531 379 3583 1..
397 3532 425 3582 in
437 3549 471 3583 nr.
486 3531 566 3584 1584
581 3539 609 3584 et
625 3531 686 3584 Eri.
702 3533 797 3600 inquo
814 3532 899 3583 verba
914 3539 993 3598 atquc
1009 3557 1040 3569 -
1056 3529 1146 3579 dunru-

53 3601 153 3652 m'tata's
169 3602 273 3654 desunt.
319 3641 321 3650 ,

110 3671 274 3730 sollicitare,
300 3676 416 3722 tentare.
452 3689 479 3740 p.
499 3669 563 3724 clu.
577 3669 632 3722 6⁷2
669 3669 821 3744 Cogitavit,
848 3671 943 3738 quibus
967 3674 1147 3720 accusatorem

54 3743 137 3796 rebus
153 3749 278 3792 armaret.
314 3741 386 3792 Hinc
406 3742 472 3792 illae
490 3741 694 3794 sollicitationes
717 3760 851 3794 seruorum
865 3748 891 3790 et
906 3739 983 3790 minis
997 3746 1023 3788 et
1034 3741 1145 3808 prornis-

54 3815 107 3864 sis.
142 3812 216 3863 thid.
233 3807 289 3862 65.
328 3809 393 3861 Cum
411 3820 497 3862 essent
511 3814 592 3862 animi
605 3830 739 3863 servarunt
756 3821 782 3862 et
798 3830 843 3881 spe
862 3818 889 3860 et
907 3816 975 3860 ortatu
991 3810 1094 3860 tentati.
1113 3838 1145 3850 -κ

54 3886 94 3936 In
111 3883 203 3935 verbis
218 3900 294 3949 seqq.
309 3881 397 3933 Arch:
410 3882 471 3933 Eri.
490 3883 563 3935 051.
578 3883 666 3934 Venn.
688 3885 788 3950 aliique
810 3882 876 3932 libri
897 3879 1000 3932 hahent
1016 3879 1146 3930 adducere

55 3955 178 4012 domurn,
205 3959 233 4004 et
248 3953 358 4004 Francii
376 3953 436 4003 cod.
451 3953 522 4004 Ven.
539 3951 618 4005 1490
630 3971 724 4020 margo
740 3953 833 4004 abduc.
852 3951 941 4009 darno,
967 3951 1041 4019 quod
1056 3953 1146 4002 imme·

56 4027 118 4077 rito
132 4029 272 4092 receptum
289 4030 358 4076 cata
374 4021 505 4076 Graevio.
532 4023 726 4092 apustius
745 4031 813 4074 extr.
832 4041 860 4090 p.
877 4021 980 4071 Flacco
999 4019 1053 4072 1οε
1074 4018 1147 4082 Quid

57 4105 91 4148 tu
107 4096 185 4145 intrans
206 4111 299 4162 repes,
325 4093 419 4152 Laeli,
448 4095 497 4161 qui
508 4095 663 4163 priusquam
679 4093 745 4152 doe,
772 4101 797 4142 te
813 4109 894 4163 rapo,
920 4090 1040 4150 dixeris,
1064 4090 1147 4159 ptura

58 4167 142 4218 etiam
155 4163 284 4234 effandet,
311 4183 389 4232 queam
405 4172 434 4214 tu
449 4165 474 4214 ei
489 4165 559 4216 dont
576 4173 637 4215 ante
652 4165 865 4235 praescripseris.
901 4161 940 4213 Et
978 4162 1051 4212 anilo
1069 4165 1146 4227 posta

58 4236 103 4290 115
120 4235 238 4304 [testes]
254 4237 346 4288 vivunt
361 4254 418 4286 curn
433 4236 556 4293 inimicis,
575 4235 673 4286 adeunt
687 4253 743 4286 cuns
756 4233 934 4292 adversariis,
990 4233 1077 4282 ditant
1090 4248 1147 4280 cunc

59 4307 270 4358 accusatoribus.
290 4337 320 4348 -
356 4307 400 4360 Ex
417 4306 504 4358 Arch.
520 4306 581 4357 Eri.
600 4306 700 4360 Dresd.
727 4304 867 4374 plerisque
880 4303 960 4358 Patr.
986 4301 1091 4354 duabus
1114 4299 1146 4352 1..

60 4377 144 4433 codd.
163 4377 311 4448 repositum
331 4385 373 4432 est
389 4375 519 4447 nefarium
532 4377 635 4430 bellurn.
