2766 5026
287 344 384 398 rao
410 346 446 398 r.
469 345 624 402 auaro
646 325 844 400 'ursona
1043 341 1127 418 295

39 515 107 572 lium
126 514 223 573 modo
241 514 427 576 defensioni
444 537 556 588 meae,
587 535 699 576 verum
718 517 815 576 etiam
840 514 1015 574 silentium
1030 509 1128 593 polli-

40 605 153 657 centur.
196 595 338 680 Reliqua
355 620 433 661 vero
451 598 649 672 multitudo,
680 620 763 697 quae
781 598 910 681 quidem
929 607 979 658 est
997 596 1146 666 civium,

40 687 100 739 tota
126 688 241 740 nostra
266 689 335 743 cst:
377 703 485 765 neque
516 703 626 743 corum
651 703 842 766 qumquam,
874 702 956 763 quos
982 678 1127 762 undique

39 762 214 834 induentes,
247 764 334 824 unde
355 764 465 848 aliqua
488 765 551 827 lori
568 749 643 846 piare
662 766 789 846 adspici
811 772 945 844 potest,
979 771 1012 822 ct
1031 762 1127 821 buius

41 846 151 906 exitum
166 846 285 906 iudicii
303 848 423 908 videtis
441 857 671 930 exspectantes
686 849 736 928 ¹),
758 870 823 908 nou
844 870 915 908 cum
931 846 1047 907 virtuti
1065 844 1129 903 Mi·
1205 891 1208 911 ,

39 926 114 988 lonis
135 930 243 1003 lavet,
265 937 332 990 tum
350 932 390 991 de
413 953 467 1003 so,
491 933 531 992 de
553 932 668 992 liberis
688 933 776 1004 suis,
799 929 979 1013 de'patria,
1004 930 1044 988 de
1062 929 1129 987 for·

40 1011 116 1070 tanis
137 1007 300 1082 hodierno
318 1012 371 1074 die
389 1015 553 1076 deecrtari
568 1023 670 1096 putat.
747 1054 749 1074 ι
1181 1010 1185 1018 ’

92 1094 167 1155 Gar.
190 1096 240 1156 ll.
285 1097 391 1158 Unum
409 1119 510 1178 genus
531 1106 582 1158 est
601 1099 770 1158 adversum
795 1097 1013 1178 infestumque
1033 1093 1128 1182 nobis

41 1199 159 1250 eorum,
191 1201 275 1262 quos
292 1179 329 1240 P.
346 1181 458 1253 Clodii
481 1183 572 1260 furor
587 1182 710 1261 rapinis
733 1191 766 1242 et
787 1181 950 1240 incendiis
975 1186 1007 1238 et
1028 1177 1130 1238 omni·

41 1261 89 1318 bus
105 1261 216 1322 exitiis
231 1264 376 1344 publicis
390 1250 494 1346 pavit:
518 1265 574 1348 qui
587 1264 742 1326 besterna
760 1266 856 1324 etiam
874 1263 1031 1324 concione
1046 1261 1128 1322 inei·

42 1344 90 1402 tati
106 1354 203 1418 sunt,
224 1355 263 1406 ut
286 1348 378 1408 vobis
400 1369 480 1408 voce
500 1349 688 1428 praeirent,
712 1349 790 1432 quid
812 1346 1015 1408 iudicaretis.
1050 1367 1130 1428 quo·

829 1482 1128 1495 --n-—u--u———n-nn

87 1551 110 1613 Ι)
128 1553 270 1605 intuentes
296 1517 425 1615 c'drnitis,
460 1557 531 1607 unde
557 1555 649 1622 eliqua
672 1574 737 1623 pars
763 1557 818 1604 lori
838 1554 943 1624 adspIci
962 1557 1073 1622 potest,
1102 1557 1130 1602 et

43 1621 106 1690 bajus
126 1625 228 1674 exitum
245 1626 347 1694 judicii
366 1633 575 1694 exspectantes,
594 1643 657 1694 non.
1088 1642 1099 1655 ·

85 1823 144 1872 qnos
168 1809 290 1876 undique
314 1813 462 1870 intuentes,
490 1810 560 1860 aride
582 1810 676 1875 aliqua
693 1807 749 1876 fini
763 1825 829 1876 pars
848 1806 951 1875 adspici
971 1811 1076 1876 potest,
1105 1811 1131 1854 et

50 1874 105 1943 lajas
119 1880 221 1932 exitura
229 1880 334 1950 judicii
352 1889 535 1950 exspectantes
552 1880 658 1932 videtis.
695 1878 741 1929 Ita
755 1879 823 1927 libri
837 1878 1016 1945 manuscripti
1031 1875 1130 1925 Fabri·

53 1945 87 2004 ‘'1'12
109 1947 296 2010 clericam,
324 1950 433 2003 Erl'urt.
451 1953 520 2003 llav.
539 1951 627 2018 Lagg.
644 1949 672 2000 6.
688 1951 746 2001 vari
763 1947 812 1999 20.
840 1949 921 1998 Parr.
945 1965 977 1998 ex
997 1943 1128 2014 quibusl

52 2015 139 2070 intexe.
158 2027 187 2072 et
211 2021 232 2072 9
258 2039 319 2072 cum
335 2021 516 2083 Memoriana,
545 2021 620 2074 011.
643 2022 761 2087 quinque
781 2018 870 2086 Lagg.
893 2037 927 2068 m.
951 2035 971 2068 s.
994 2017 1131 2084 praebent

49 2086 202 2154 confluentes,
230 2097 261 2143 et
279 2090 305 2142 l.
325 2093 353 2143 2.
368 2092 396 2143 ὅ,
414 2091 441 2143 a.
462 2111 523 2144 cum
537 2092 610 2144 Pitb.
628 2091 726 2142 Duisb.
743 2089 880 2141 Barberr.
895 2089 964 2139 Gar.
982 2087 1056 2138 041.
1071 2087 1131 2155 ple·

47 2156 120 2224 risque
137 2161 228 2230 Lagg.
248 2162 385 2231 Arcbiep.
399 2163 497 2214 videtis
514 2171 705 2232 exspectantes,
726 2179 804 2228 quern
822 2161 944 2210 ordinem
962 2158 1131 2210 Garatonins

48 2227 213 2291 deteriorem,
244 2233 392 2284 Ernestius
410 2241 501 2286 autem
518 2236 589 2285 mori
609 2233 793 2285 Ciceroniana
808 2233 894 2299 magis
916 2231 1132 2290 consentientem

46 2305 116 2362 putat.
150 2311 187 2360 τὸ
205 2305 309 2354 exitam
328 2305 407 2356 abest
424 2325 439 2355 a
456 2306 543 2372 Lagg.
561 2305 589 2356 2.
609 2305 657 2356 10.
677 2304 724 2355 ll.
743 2302 791 2354 21.
810 2303 859 2352 45.
883 2301 957 2353 le.
981 2308 1009 2352 ct
1031 2302 1130 2350 exituri

40 2366 123 2434 judicii
139 2391 154 2422 a
167 2374 253 2426 Parr.
271 2375 297 2425 2.
318 2375 346 2425 5.
365 2376 393 2426 8.
408 2374 494 2444 ,01η
516 2377 590 2427 llinc
608 2375 672 2426 Par.
688 2373 722 2424 62
749 2375 833 2440 aspici
843 2373 934 2442 potest
949 2391 985 2422 ea
1001 2373 1051 2420 boe
1070 2370 1128 2420 loco

45 2438 125 2489 videtis
148 2452 335 2513 exspectantes
342 2467 351 2505 3
380 2447 451 2497 unde
469 2447 534 2498 Par.
550 2446 578 2497 ⁷.
597 2448 622 2496 d.
638 2447 726 2496 Venn.
744 2443 839 2495 1499:
868 2445 998 2494 intuentes
1024 2445 1057 2492 ex
1080 2440 1129 2492 boc

43 2508 89 2574 ipro
105 2511 159 2563 loeo
178 2518 291 2566 cernitis
309 2525 550 2585 *exspectantes
586 2518 654 2568 Bau.
672 2534 727 2567 sec.
743 2533 804 2565 cum
822 2516 864 2566 ed.
882 2516 977 2564 Romi
999 2515 1129 2563 intuentes

43 2582 152 2642 cernitis,
171 2587 243 2636 ande
263 2593 295 2626 ὲ-
311 2595 338 2636 et
355 2586 381 2640 b.
400 2607 422 2638 e.
437 2589 456 2638 i.
473 2595 673 2657 exspectantes,
692 2605 753 2637 non.
781 2586 855 2653 qnod
873 2591 1016 2653 receptum
1035 2590 1077 2634 est
1095 2583 1129 2633 ab
1163 2594 1166 2610 ¹

43 2647 166 2704 Ernestio.
188 2686 220 2697 --
258 2656 314 2725 fori
329 2676 395 2724 pars
416 2666 457 2710 est
481 2662 509 2708 in
530 2660 611 2708 Parr.
632 2658 658 2708 l.
675 2657 704 2708 d.
728 2657 793 2726 ,Era
809 2657 894 2707 Fabr.
912 2655 981 2723 Lag.
1002 2654 1039 2706 ll
1055 2673 1090 2704 m.
1107 2671 1129 2704 s.
1227 2691 1231 2696 -

44 2722 107 2772 etin
129 2726 171 2776 ed.
190 2727 289 2786 Lamb.
308 2727 397 2779 1566.
419 2757 448 2768 -·
487 2729 544 2780 Pro
561 2729 674 2796 vulgate
697 2747 755 2778 carn
772 2728 883 2786 oirtrati,
909 2727 1045 2794 Arcbiep.
1060 2727 1129 2776 Bar.

184 2888 201 2918 a
351 2905 360 2926 ,
380 2889 394 2920 e
442 2889 477 2921 uo
521 2890 555 2936 a¹
578 2909 584 2920 .
670 2910 676 2922 .
707 2889 748 2919 arn
897 2904 903 2916 .

87 2933 124 2984 ll·
158 2956 242 3006 ¹qenns
270 2966 303 2978 -·
327 2957 424 2991 eoram.
462 2941 523 2992 Cic.
539 2889 610 3010 ii'gop.
634 2938 690 3000 ll,
709 2937 766 2990 tt:
813 2937 1017 2988 carcerariorum
1044 2941 1130 3002 autern

43 3017 129 3066 qenera
142 3017 204 3058 saort
216 3009 315 3078 plura:
334 3029 412 3062 renato
425 3029 523 3062 eoram.
543 3015 577 3064 de
593 3011 648 3062 off.
663 3012 679 3061 Ι
693 3011 733 3060 55
747 3027 808 3076 pne
825 3007 902 3059 Illud
916 3014 1002 3056 catera
1017 3007 1130 3056 araxim·

45 3087 123 3123 rorans
136 3094 217 3144 qenais
234 3087 275 3136 est
291 3098 394 3141 eoram,
414 3085 468 3148 qni.
505 3102 531 3134 v.
547 3081 580 3132 11
596 3082 659 3132 cat.
679 3082 701 3148 §t
720 3081 766 3130 18.

86 3146 190 3207 exitiis,
219 3154 372 3214 aerumnis,
402 3155 612 3216 calamitatibus.
650 3153 683 3200 dc
709 3150 797 3216 Legg.
820 3149 836 3197 1
859 3147 906 3198 lb.
930 3147 954 3214 §p
976 3143 1016 3196 53
1042 3150 1128 3196 extu:

45 3208 155 3266 Socrates
171 3212 295 3271 execrari
312 3240 368 3270 earn
382 3220 496 3282 solebat,
514 3226 560 3290 qni
573 3224 675 3290 priveras
691 3221 835 3270 utilitatem
853 3235 870 3267 a
886 3226 984 3267 natura
998 3215 1129 3284 sejunctis·

44 3289 89 3361 ⁸5¹,
113 3286 140 3336 id
164 3285 232 3341 e‘nirn
257 3294 417 3354 quaerebatur
433 3302 513 3363 capnt
532 3297 588 3344 ess'e
607 3293 750 3342 exitiorum
766 3289 887 3339 tundam.
924 3305 949 3340 v.
968 3287 1042 3338 infra
1063 3287 1085 3354 ξ.
1101 3284 1129 3335 li.

46 3349 114 3420 lirq.
131 3359 200 3412 Aen.
219 3363 281 3412 Vll
298 3362 366 3412 199:
433 3358 436 3366 ’
535 3369 537 3374 ’

87 3431 166 3490 pavit.
202 3433 259 3483 Per
283 3439 448 3485 contemtum
472 3432 524 3483 boe
549 3433 728 3489 dictumest,
752 3435 786 3498 ¹ut
808 3429 842 3479 do
866 3424 923 3477 Off.
942 3426 976 3476 11
996 3423 1050 3485 ll,
1069 3423 1128 3474 do:

45 3489 161 3548 duritiae
176 3510 253 3552 tanta
269 3499 381 3562 cicest,
407 3511 437 3556 at
450 3522 483 3552 ne
499 3503 543 3552 illi
560 3502 680 3569 quidem,
708 3497 898 3570 quismalefieio
915 3505 941 3547 et
955 3496 1053 3548 scalere
1066 3513 1129 3563 par·

47 3571 141 3626 imur,
159 3575 262 3638 possint
275 3577 333 3624 sine
349 3576 407 3624 nlla
423 3573 562 3641 particula
570 3573 699 3643 justitiae
715 3571 813 3622 cicere.
844 3588 873 3639 p.
891 3563 1054 3625 scritate,
1074 3564 1129 3616 992

46 3628 74 3679 ln
93 3642 161 3689 tanto
185 3645 282 3694 civium
305 3663 411 3696 nurnero
433 3661 529 3713 magna
550 3643 690 3694 multitado
713 3650 751 3693 est
773 3658 879 3698 eonem,
907 3639 953 3705 qai
971 3665 1003 3678 ·-
1018 3642 1131 3705 propter

48 3702 141 3757 insitam
154 3715 283 3777 quendam
297 3717 378 3766 animi
391 3716 508 3783 {iu-orem
521 3714 670 3765 discordiis,
678 3715 775 3764 cicinni
788 3729 820 3762 ae
832 3709 962 3761 seditione
971 3715 1128 3778 pascantur.

91 3773 206 3834 besterna
230 3803 300 3836 eone.
337 3787 475 3836 Munatius
501 3785 620 3836 Plancus
646 3785 737 3852 pridie
764 3800 816 3852 pro
844 3781 975 3832 concione
997 3778 1130 3848 populum

49 3841 193 3975 {litigatio
209 3863 294 3918 ¹erat,
321 3875 355 3909 ne
380 3861 525 3926 pateretur
550 3855 625 3907 elabi
645 3856 783 3906 Milonem.
828 3851 932 3903 Ascen-
958 3867 984 3903 v.
1010 3851 1128 3917 Argum.

64 3947 69 3959 ·
130 3929 157 3972 et
171 3923 197 3976 ⁷.
883 3927 885 3934 '

92 4002 148 4039 voce
163 3997 306 4059 praeirent.
341 3997 459 4048 Praeire
477 3994 570 4048 verbis
586 3995 690 4064 [Plant.
707 3995 780 4045 nur.
796 3993 823 4044 V
840 3994 869 4053 2,
888 3989 959 4061 48]‚
979 3989 1024 4042 vel
1040 3989 1127 4041 rerba

51 4047 117 4113 [Lit-
135 4061 283 4134 v1119],‚
299 4067 508 4136 jusjurandum,
528 4073 742 4124 sacramentum,
762 4081 879 4134 preces,
898 4079 1026 4120 carmen,
1053 4060 1126 4112 dice·

68 4129 135 4186 ³¹²⁹,
161 4138 203 4201 qni
227 4141 371 4205 precanti,
398 4143 462 4190 rota
484 4139 669 4206 nuncupanti,
696 4151 755 4187 sese
772 4137 935 4194 deserenti,
962 4138 1009 4184 aut
1020 4131 1128 4201 juranti

53 4193 264 4258 rerba‘solerania
283 4208 422 4266 dictabat,
449 4225 519 4276 qnae
534 4208 585 4258 ille
598 4208 804 4276 religiosissime
822 4205 1006 4274 exprimeret,
1034 4203 1125 4269 expla-

53 4273 176 4336 ΜΨ·
212 4295 235 4330 v.
252 4278 324 4329 Ptin.
341 4274 652 4330 11.Nat.xxv1112.
677 4279 737 4330 niv.
755 4279 773 4327 l.
790 4295 813 4329 c.
830 4267 899 4328 et'x
917 4273 966 4328 28.
989 4271 1058 4324 xe}
1076 4271 1125 4323 bl.
1217 4275 1219 4279 ’

54 4324 113 4386 nu,
126 4340 223 4428 resq.
239 4347 287 4400 aa.
307 4349 360 4418 up.
375 4349 402 4400 x
416 4348 466 4402 co.
486 4350 553 4402 rac.
571 4350 607 4400 n.
623 4350 638 4399 1
656 4347 704 4400 sc:
725 4347 805 4402 curs.
819 4347 863 4398 ιν
885 4345 941 4406 ez,
964 4343 1010 4398 aa.
