2854 5024
627 149 634 180 1

308 378 389 434 ano
408 379 496 434 sur.
515 377 670 436 noscro
688 379 886 436 aunnrno.
1126 382 1156 459 5
1267 347 1271 358 ’

44 549 243 632 *ignoscendi
263 547 360 622 ratio,
381 567 492 608 verum
510 547 608 610 etiam
626 549 848 628 cognoscendi
866 546 1070 612 cousuetudo
1091 546 1156 614 iam

54 634 247 698 decivitate
270 631 400 693 sublata
423 639 484 696 est.
526 632 669 694 Accedit
690 629 749 695 iila
771 653 900 730 quoque
923 654 1043 706 causa,
1066 633 1195 717 quoda

55 718 210 780 acetaria
232 716 372 778 forsitan
392 713 441 776 ita
460 714 600 795 petitum
622 716 678 788 sit,
701 723 737 775 ut
760 715 921 790 drcerent,
943 724 980 776 ut
996 717 1154 780 utrumvis

54 801 140 864 salvo
163 799 267 862 officio
290 820 326 860 se
348 799 457 860 faeere
479 819 578 878 posse
601 797 856 862 arbitrarentur:
889 821 908 859 a
929 821 979 860 me
1002 800 1157 864 autenti
1185 799 1189 804 ’

53 883 309 955 contenderunt,
341 881 398 965 qui
420 880 507 962 apud
524 902 577 942 me
601 889 634 942 et
657 880 820 955 amicitia,
851 889 885 943 et
906 883 1101 958 beneficiis,
1122 890 1158 946 et
1206 908 1210 919 ’

54 968 211 1046 dignitate
232 963 403 1047 plurimum
425 973 584 1044 possunt,
621 986 757 1048 quorum
788 986 847 1045 ego
878 987 984 1050 neque
1016 967 1158 1030 benevo-

54 1051 184 1114 lentiam
217 1069 294 1128 erga
324 1069 376 1108 me
409 1045 594 1126 ignorares
618 1068 680 1108 nec
711 1048 941 1114 auctoritatem
969 1049 1172 1132 aspernari„

18 1139 19 1146 ’
55 1156 112 1195 nec
132 1133 334 1195 voluntatem
356 1129 522 1211 negligere
546 1130 681 1192 debeam
700 1129 739 1214 ¹).

18 1247 19 1250 ¹
115 1216 192 1281 Gar.
221 1215 270 1276 11.
320 1213 386 1274 His
421 1212 463 1274 'da
497 1215 605 1276 causis
637 1235 697 1294 ego
728 1213 804 1276 huic
841 1237 959 1276 causae
994 1222 1152 1296 patronus

57 1301 183 1375 exstiti,
224 1319 291 1364 non
328 1297 455 1358 electus
488 1318 592 1371 unus,
637 1298 694 1381 qni
727 1298 866 1360 maximo
902 1297 1054 1379 ingenio,
1097 1299 1196 1359 sedb

58 1384 187 1447 relictus
211 1403 252 1444 ex
274 1381 423 1455 omnihus
437 1423 453 1454 ,
478 1380 533 1462 qui
554 1381 685 1442 minimo
703 1381 850 1461 periculo
873 1379 1003 1464 possem
1027 1383 1156 1442 dicere:

58 1489 158 1550 neque
188 1466 237 1527 uti
267 1465 349 1525 satis
382 1464 473 1524 firmo
501 1465 667 1545 praesidio
702 1465 857 1528 defensus
889 1467 965 1526 Sex.
997 1465 1160 1539 Roscius,

59 1570 163 1612 rerum
182 1550 231 1610 uti
253 1569 294 1608 ne
317 1549 447 1610 omnino
471 1549 621 1610 desertus
645 1557 743 1613 esset.
789 1547 943 1618 Forsitan
975 1547 1160 1632 quaeratis,

62 1632 114 1714 qni
142 1634 204 1692 iste
236 1637 344 1694 terror
373 1633 430 1705 fit,
483 1639 516 1694 et
552 1653 634 1714 quae
666 1639 758 1693 tanta
793 1632 957 1703 formido,
994 1654 1078 1715 quae
1108 1639 1164 1692 tot

63 1737 100 1774 ac
126 1715 207 1776 tales
234 1715 321 1775 viros
351 1714 530 1796 impediat3
566 1737 629 1798 quo
654 1716 760 1776 minus
788 1737 848 1796 pro
872 1717 980 1797 capite
1003 1722 1037 1777 et
1057 1717 1160 1778 sortu-

17 1841 18 1844 ,
63 1799 112 1858 nis
143 1797 295 1871 alterius,
333 1798 607 1881 quemadmodum
636 1806 856 1872 consuerunt,
897 1821 1028 1860 causam
1054 1800 1159 1860 velint

17 1897 18 1928 1
66 1881 179 1942 dicere.
207 1881 302 1960 Quod
319 1881 426 1942 adbuc
444 1902 503 1942 ros
518 1881 668 1962 ignorare
684 1902 751 1941 nou
764 1881 878 1944 mirum
897 1891 960 1956 est,
982 1891 1160 1966 propterea

18 1999 1160 2039 *W*-

119 2087 146 2158 1)
162 2089 300 2144 debebam.
387 2139 389 2149 ,

108 2310 288 2382 eopncreendi.
333 2311 461 2365 Verbum
495 2313 617 2365 forense.
659 2311 746 2366 Verr.
772 2309 816 2363 11.
842 2309 877 2364 9:
922 2329 1031 2363 carnum
1060 2307 1158 2362 Verres
1243 2362 1246 2370 ,

16 2399 21 2411 ’
59 2384 190 2452 eognoscat.
231 2381 287 2435 102
314 2383 412 2436 Verres
430 2386 624 2456 cognoscebat,
644 2384 742 2434 Verres
758 2381 908 2452 induebat.
951 2383 1066 2436 Terent.
1085 2383 1159 2434 Eun.

56 2454 124 2522 prol.
141 2453 197 2524 42:
254 2453 379 2522 Aequum
405 2461 447 2505 est
471 2471 520 2507 vos
548 2472 705 2528 capno-scere
732 2461 813 2521 atque
839 2455 992 2526 iqnoscerc3
1037 2455 1072 2506 ad
1092 2472 1118 2523 q.
1137 2453 1159 2506 l.

60 2525 194 2576 Donatus:
230 2529 336 2598 σχῆμα
362 2525 457 2594 λόγου
482 2526 660 2602 παρόμοιον.
706 2524 807 2594 Carpit
826 2532 922 2578 orator
941 2526 968 2576 h.
988 2526 1007 2576 l.
1028 2526 1160 2577 Sullanas
1201 2591 1205 2603 .

15 2617 21 2641 ι
56 2596 289 2665 praescriptiones
306 2598 511 2666 poenasque.in
532 2599 606 2649 cives
624 2598 783 2654 nominatim
810 2598 868 2648 sine
890 2597 998 2666 judicio
1027 2598 1159 2650 constitu-

57 2671 193 2789 tsasilv.213
214 2667 297 2788 duppe
318 2667 366 2719 17.
386 2669 458 2719 Sall.
478 2667 543 2720 Cat.
564 2665 614 2720 bl.
646 2669 723 2738 App.
744 2666 807 2721 civ.
825 2667 851 2722 I.
872 2666 1036 2720 ott-105.
1080 2667 1159 2719 Plan

15 2755 19 2782 ι
80 2757 95 2790 ιι
119 2757 135 2788 a
203 2765 238 2776 -
288 2775 294 2787 .
1059 2753 1063 2770 ι

18 2807 19 2810 ’
105 2809 128 2876 5.
144 2807 174 2878 4.
212 2793 370 2858 eodtendere
390 2807 424 2858 ab
444 2808 538 2876 aliquo
558 2806 785 2868 caietanorum,
810 2813 925 2876 petere,
952 2811 985 2859 ut
1009 2807 1043 2858 ab
1063 2805 1158 2874 aliquo

57 2878 118 2945 quid
144 2879 281 2930 obtineas.
326 2881 402 2930 Fam.
420 2878 480 2934 ΙΙΙ.
499 2878 535 2930 7:
579 2879 643 2928 Non
669 2885 730 2930 erut
754 2895 852 2938 causa,
887 2896 936 2929 eur
958 2896 976 2928 a
1000 2884 1027 2927 te
1051 2875 1160 2944 aliquid

55 2949 240 3000 contenderem.
276 2967 304 3018 p.
332 2949 449 3018 Quintio
477 2949 534 3001 24:
573 2945 640 2999 Cura
666 2967 683 2998 a
712 2967 751 2998 me
774 2955 895 3020 peteret,
931 2955 958 2998 et
982 2967 1079 2998 rurnrne
1097 2965 1158 2997 con·

55 3020 197 3142 txerlridpreth
213 3027 247 3070 ut
271 3037 348 3072 suum
370 3023 550 3091 propinquum
567 3019 743 3090 defenderem.
790 3037 815 3072 v.
837 3019 918 3072 Orat.
938 3020 962 3088 5.
983 3017 1051 3071 166.
1079 3019 1157 3070 Fam.

101 3160 219 3212 debeam.
246 3159 403 3223 *Ernestius
429 3159 595 3213 Ciceronem
613 3162 758 3230 scripsisse
776 3159 902 3212 debebam
924 3163 1014 3229 putat.
1050 3158 1156 3227 Perpe-

15 3236 16 3278 ἶ
54 3244 125 3292 rarn3
151 3231 281 3282 debebam
300 3233 371 3282 cuim
389 3232 434 3284 vel
453 3232 532 3282 debui
556 3233 718 3301 plerumque
746 3233 876 3301 ponitur,
905 3248 965 3282 cunr
993 3231 1068 3298 quod
1092 3230 1158 3281 fieri

55 3300 163 3363 debuit,
191 3304 299 3353 factum
316 3309 440 3354 nonest.
478 3304 521 3354 De
548 3304 612 3354 Nat.
638 3303 740 3353 Deorr.
768 3302 826 3352 111.
846 3302 904 3354 552
945 3301 1084 3354 Debebunt
1110 3301 1158 3352 tlte·

54 3372 153 3437 quidem
171 3391 260 3424 omnes
280 3373 381 3444 efficere
400 3375 498 3432 bonos,
522 3376 548 3425 si
571 3373 676 3442 quidem
700 3373 833 3424 bominum
853 3373 946 3443 pereeri
964 3369 1166 3432 consulebantg'

54 3442 94 3491 ain
109 3443 139 3494 id
157 3445 263 3502 minus,
291 3445 367 3494 bonis
389 3443 499 3511 'quidem
526 3452 597 3496 certe
623 3444 760 3494 consulere
784 3443 923 3494 debebant.
970 3443 1026 3496 off.
1045 3443 1104 3494 ΠΙ.
1125 3442 1153 3494 1.

53 3513 75 3580 5.
94 3513 128 3565 3:
185 3516 243 3566 otio
268 3514 364 3584 liuor,
392 3534 445 3565 non
464 3516 514 3567 illo
533 3516 654 3582 quidem,
681 3532 733 3581 qno
752 3514 924 3571 debebatis,
952 3515 999 3581 qui
1022 3513 1177 3582 quondm

49 3587 194 3702 peperisset
221 3587 304 3636 otium
330 3586 455 3646 civitati3
488 3591 519 3636 ut
546 3593 623 3638 recte
653 3586 742 3637 edidit
768 3587 818 3637 Br.
845 3603 887 3637 cx·
904 3586 986 3636 duob.
1015 3585 1096 3635 codd.
1124 3602 1168 3654 p.

15 3683 16 3702 ι
79 3655 133 3724 ulg.
153 3655 259 3706 debeat.
279 3673 305 3708 v.
318 3657 402 3708 Vcrr.
422 3657 481 3708 111.
497 3656 547 3710 59.
563 3656 612 3707 61.
626 3655 675 3708 69.
693 3656 747 3706 IV.
760 3656 789 3707 9.
804 3655 852 3709 16.
869 3655 916 3708 17.
935 3657 1012 3708 Fam.
1025 3656 1078 3706 VI.
1095 3647 1151 3716 15;

52 3730 95 3785 ct,
114 3727 191 3796 quod
209 3727 412 3797 subjunctivum
430 3727 539 3787 attinet,
560 3729 634 3778 infra
653 3728 677 3795 5.
692 3726 740 3778 25.
755 3726 804 3780 26.
822 3725 909 3779 Verr.
923 3726 982 3778 111.
1002 3724 1036 3777 δι
1065 3725 1153 3790 Quae·

15 3819 17 3839 ι
51 3796 87 3846 ris
106 3815 153 3848 cur
169 3798 198 3848 ei
216 3799 267 3848 sim
283 3798 425 3857 inimicus,
454 3800 497 3848 cui
511 3799 627 3868 populus
646 3797 681 3848 R.
700 3795 814 3866 insertus
832 3799 891 3849 sit?
925 3799 972 3864 qui
993 3799 1155 3866 pracsertim

47 3864 107 3932 pbu
125 3868 223 3951 etiam,
243 3885 321 3951 quam
337 3887 403 3937 pars
421 3869 512 3920 uirilis
527 3869 660 3940 postulat.
675 3885 727 3940 pro
746 3870 887 3940 uoluntate
905 3869 937 3919 P.
956 3867 992 3919 lt.
1012 3870 1100 3920 oneris
1118 3885 1153 3920 ae

50 3940 491 4082 mdsssurdubetbdmvbbbdmbbir.
524 4007 562 4060 dr
607 3975 673 4060 Meu
696 4007 752 4076 fnit
776 4026 877 4078 semper
901 4007 967 4058 baec
992 4009 1022 4059 in
1044 3969 1096 4058 bae
1122 4025 1152 4057 re
1211 4039 1214 4048 .

50 4077 172 4129 uoluatur
190 4086 219 4130 et
235 4084 378 4140 sententia,
396 4081 513 4149 quemvis
531 4088 563 4142 nt
579 4080 629 4131 boc
646 4081 752 4132 mitem
768 4079 801 4130 de
813 4081 864 4153 bb
883 4081 929 4147 qui
948 4086 1035 4130 essent
1053 4078 1151 4136 menet,

51 4151 198 4217 suscipere,
215 4168 296 4216 quarn
315 4169 372 4212 mer
391 4169 430 4201 me
448 4158 478 4201 ut
495 4152 619 4210 maliem,
637 4169 716 4218 qnam
734 4152 868 4202 neminem.

51 4221 729 4344 margpanpiplnprgffis255÷313ss332a33n301
749 4219 1149 4360 ⁰⁹ib⁰id²d⁶bbibsviib

49 4361 210 4486 priwiplgret
254 4361 311 4417 ὅθι
356 4363 472 4433 Sponte
496 4363 530 4436 fit
555 4364 589 4417 de
614 4365 703 4435 eapite
728 4382 761 4414 ae
787 4311 906 4434 subtristis
933 4364 996 4413 tuis.
1042 4377 1068 4411 s.
1088 4378 1148 4430 cap.
