2782 5022
142 341 284 438 *pap
519 357 956 410 onsrrorv,

201 528 291 602 rius,
324 528 381 611 qui
408 526 459 587 bis
488 525 618 588 ltaliam
640 527 813 590 obsidione
835 536 869 586 et
888 536 977 602 metu
995 525 1165 588 servitutis
1183 525 1290 586 libers·

200 612 268 682 vit;
290 619 508 690 anteponatur
522 603 670 670 omuibus
684 608 873 690 Pompeius,
896 609 1056 670 cuiusres
1075 619 1187 690 gestae
1204 619 1290 692 atque
1382 611 1384 662 ἶ

200 693 339 755 virtutes
357 693 487 766 iisdem,
509 695 627 774 quibus
642 693 722 754 solis
740 712 867 765 cursus,
887 693 1075 772 regionibus
1097 715 1134 753 ae
1153 693 1291 754 terminis

203 778 423 838 continentur.
473 777 547 837 Erit
583 779 733 857 prolecto
763 777 852 844 iuter
882 775 996 837 borum
1030 775 1145 836 laudes
1177 776 1292 859 aliquid
1381 813 1382 816 =

200 861 270 922 loci
286 869 417 936 nostrae
436 860 577 940 gloriae:
610 859 676 920 uisi
704 860 788 920 forte
814 857 916 919 maius
932 868 985 920 est
1002 860 1189 940 patefacere
1207 859 1292 920 nobis
1379 861 1382 935 5

201 944 413 1026 provincias,
446 965 509 1026 quo
532 943 620 1004 exire
640 943 822 1024 possimus,
855 964 950 1024 quam
976 963 1113 1015 curare,
1145 951 1182 1002 ut
1206 943 1292 1002 etiam
1381 942 1382 946 ’

153 1029 193 1086 71
203 1027 266 1102 illi,
290 1027 346 1112 qui
361 1027 491 1098 absunt,
512 1024 667 1099 babeant,
688 1047 751 1109 quo
765 1025 1139 1088 ¹rictoresrerertantur.
1184 1025 1294 1101 Quam·

203 1133 296 1191 quam
316 1118 365 1170 est
381 1131 444 1170 uuo
462 1110 536 1172 loco
551 1109 697 1170 conditio
713 1108 830 1173 melior,
845 1115 998 1169 externae
1013 1108 1185 1182 victoriae,
1208 1101 1294 1190 duam
1380 1115 1381 1144 ¹

202 1193 419 1257 domesticae:
443 1193 531 1276 quod
546 1193 659 1254 hostes
678 1191 880 1272 alienigenae
898 1200 953 1252 aut
972 1191 1123 1272 oppressi
1142 1193 1294 1260 serviunt,
1378 1219 1382 1271 ι

201 1357 300 1368 -a-a-

254 1475 294 1524 bis
314 1472 433 1524 ltaliam.
472 1472 505 1524 (l.
524 1473 648 1532 Marius,
669 1479 795 1542 quartum
815 1473 910 1524 consul
930 1491 954 1524 s.
972 1489 999 1524 u.
1019 1491 1043 1523 e.
1062 1471 1139 1531 682,
1160 1474 1294 1525 Teutones

200 1551 229 1596 et
247 1546 404 1596 Ambrones
423 1545 529 1595 duobus
548 1544 663 1612 proeliis
682 1544 757 1595 circa
774 1545 871 1612 Aquas
891 1545 1001 1595 Sextias
1017 1544 1137 1604 delerit;
1159 1545 1295 1612 inquibus

201 1633 281 1668 caesa
306 1617 455 1667 traduntur
479 1607 597 1666 boitium
622 1616 740 1666 ducenta
762 1615 867 1674 millia,
900 1621 982 1682 capta
999 1617 1155 1682 nonaginta.
1194 1616 1295 1666 Deinde
1383 1643 1384 1646 =

201 1688 300 1738 absens
321 1688 442 1754 quintum
462 1687 558 1736 consul
577 1692 702 1745 creatus,
731 1704 813 1752 quum
830 1684 957 1744 Cimbri,
985 1686 1099 1754 repulso
1125 1685 1160 1735 ab
1179 1685 1295 1754 Alpibus

150 1817 153 1822 ¹
200 1759 352 1824 fugatoque
373 1756 408 1824 Q.
429 1755 531 1807 Catulo
550 1757 735 1825 proconsule,
764 1758 811 1824 qui
831 1756 924 1808 fauces
943 1756 1058 1824 Alpium
1077 1756 1247 1816 obsederat,
1272 1757 1295 1806 in

199 1828 312 1878 Italiam
330 1828 520 1898 trajecissent:
539 1827 568 1876 in
588 1829 707 1896 campis,
727 1827 832 1894 quibus
845 1844 942 1877 nomen
962 1833 1023 1879 erat
1040 1827 1176 1887 Raudiis,
1195 1827 1254 1896 ipse
1273 1834 1300 1898 ‘ia

200 1900 351 1969 proconsul
377 1897 413 1966 Q.
438 1898 566 1948 Lutatius
586 1897 703 1949 Catulus
727 1898 944 1953 fortunatissimo
970 1899 1151 1950 decertavere
1172 1899 1294 1968 proelio:

126 2007 131 2034 ,
202 1987 281 2020 caesa
292 1967 589 2038 autcapteampliusfl
603 1968 748 2019 bominum.
767 1987 791 2018 a.
811 1988 837 2019 u.
857 1987 881 2020 c.
900 1967 969 2018 655.
989 1969 1050 2020 Lir.
1068 1969 1135 2036 epit.
1153 1967 1206 2020 68.
1225 1969 1295 2020 Vell.

199 2040 262 2092 Pas.
280 2040 314 2090 Π
334 2037 380 2090 l2.
411 2039 482 2090 Cum
501 2041 597 2090 eodem
615 2039 706 2090 Mario
726 2058 754 2090 se
774 2045 916 2108 comparat
937 2038 997 2089 cic.
1016 2039 1045 2088 iu
1064 2055 1104 2090 or.
1124 2058 1152 2108 p.
1171 2041 1254 2092 Sulla
1272 2038 1295 2089 ⁷:

184 2110 301 2161 ,Fateor
326 2111 384 2178 [rue
400 2128 485 2160 essee
504 2110 683 2177 municipio].·
701 2118 737 2171 ,et
758 2110 828 2168 uulda
847 2111 928 2160 etiam
949 2126 983 2159 ex
999 2127 1028 2160 eo
1039 2111 1206 2179 municipio,
1232 2109 1295 2160 raude

199 2184 295 2232 iterum
310 2181 375 2250 jam
390 2179 465 2233 salies
488 2181 550 2230 huie
573 2181 634 2229 urhi
661 2181 821 2248 imperiaque
843 2182 924 2232 missa
940 2188 1008 2230 ests
1038 2179 1073 2231 In
1097 2182 1194 2234 uerbis
1222 2199 1294 2251 prue-

158 2256 163 2274 ¹
201 2252 362 2302 cedentibus
383 2251 474 2302 deleri
492 2250 727 2318 praepositionem
746 2252 788 2309 lu,
814 2259 878 2320 post
895 2251 932 2300 sit
950 2251 1034 2320 vulgo
1053 2252 1194 2313 additam,
1223 2269 1296 2320 quam
1373 2265 1384 2295 ι’

201 2324 311 2374 Erfurt.
330 2321 400 2388 Teg.
422 2321 480 2373 Sal.
500 2319 588 2371 Areb.
607 2321 675 2372 an.
696 2321 767 2380 011.
786 2320 867 2374 Parc.
887 2327 1004 2390 excepto
1024 2321 1060 2381 7,
1087 2323 1177 2374 Barb.
1200 2323 1295 2374 et‘Ve·
1378 2326 1382 2387 ξ

200 2401 280 2446 actae
299 2397 440 2460 respuunt.
647 2447 648 2450 Ἴ
916 2410 921 2430 1
1114 2425 1115 2430 ,
1379 2409 1382 2440 ι

254 2465 367 2513 uirtutes
387 2491 419 2502 -
436 2462 615 2512 ¹coutinentem.
660 2481 685 2514 r.
703 2463 754 2514 111
774 2462 837 2515 Cat.
865 2481 925 2532 cap.
946 2463 982 2514 ll
1004 2470 1075 2521 extr.
1095 2471 1123 2514 et
1146 2481 1175 2532 p.
1196 2462 1296 2514 Archia
1380 2483 1381 2498 1

201 2535 217 2603 ἓ
254 2604 308 2670 atsi
324 2599 403 2669 sorte.
442 2603 475 2654 de
493 2601 548 2652 0ff.
563 2601 580 2651 1
596 2601 650 2654 22:
689 2602 766 2666 Quae
782 2621 826 2654 res
844 2605 930 2674 ipitur
944 2611 1023 2674 qesta
1041 2619 1165 2670 remquam
1184 2605 1213 2653 ia
1232 2601 1295 2652 hello
1379 2603 1380 2656 ἶ

200 2676 300 2726 tanta?
328 2674 373 2738 qui
400 2673 546 2739 triumphus
569 2673 764 2741 confirmatius?
787 2705 818 2716 -
855 2674 929 2724 Mihi
947 2674 1051 2740 quidem
1068 2682 1138 2724 certe
1157 2676 1204 2725 vii·
1221 2675 1295 2724 abur·

200 2745 268 2797 duas
285 2743 389 2794 bellicis
405 2742 546 2801 laudibus,
567 2740 616 2794 Cn.
633 2743 787 2812 Porupeius,
806 2745 896 2794 multis
912 2745 1098 2804 audientibus,
1126 2745 1177 2794 hac
1198 2745 1295 2798 tribuit,
1378 2755 1380 2800 'a

201 2827 231 2866 ut
245 2816 363 2872 diecret,
381 2813 487 2882 frustra
501 2831 529 2862 sc
545 2816 651 2864 tertium
669 2816 828 2883 tristropham
842 2805 1043 2884 deportaturum
1057 2816 1158 2884 sitisse,
1177 2818 1233 2866 ru‘si
1247 2829 1295 2864 meo
1373 2858 1379 2872 ,

200 2889 230 2940 ire
255 2903 335 2955 remp.
360 2885 503 2956 beneficio,
517 2931 518 2936 ,
532 2887 578 2936 uli
600 2885 794 2955 triumpharet,
822 2894 890 2935 esset
910 2885 1061 2938 habiturus.
1106 2886 1180 2937 Phil.
1206 2887 1243 2944 Η,
1263 2884 1294 2934 li:
1379 2889 1380 2894 ’

201 2957 322 3010 Maxime
342 2972 406 3008 uera
431 2953 597 3006 consulatum
619 2974 701 3005 meum
721 2953 770 3006 Cu.
791 2956 929 3024 Pompeius
949 2958 1093 3024 probavit:
1120 2959 1184 3023 qui,
1212 2965 1240 3006 ut
1262 2972 1295 3004 me
1374 2966 1378 2989 ¹

198 3029 313 3098 primum
326 3025 453 3078 decedens
471 3045 505 3076 cx
522 3025 607 3094 Syria
622 3026 700 3084 vidit,
723 3027 873 3094 eanaplexus
892 3031 919 3076 et
931 3027 1083 3095 protuleras,
1103 3047 1158 3080 naen
1176 3026 1295 3098 beneficia

82 3127 85 3132 ·
184 3158 186 3164 ¹
198 3100 319 3170 patriam
341 3116 369 3146 sc
387 3099 506 3147 uisurum
528 3115 585 3148 esse
610 3097 691 3147 dixit.
728 3115 753 3148 r.
780 3099 817 3146 ad
842 3097 904 3148 Ast.
923 3098 957 3148 11
977 3099 1004 3149 l.
1030 3116 1094 3166 pap.
1115 3099 1174 3151 177
1197 3097 1294 3149 Graes.

201 3172 243 3222 At
262 3168 470 3220 Commentator
488 3169 688 3218 Ambrosianus
717 3167 832 3220 ad'Cic.
852 3186 894 3220 or.
918 3171 951 3237 ,ΡΣ
966 3167 1083 3220 Plancio
1101 3167 1143 3222 54
1170 3171 1295 3222 adnotat:

201 3239 356 3309 Epistulam
371 3257 424 3290 nou
437 3238 592 3289 mediocrem
611 3267 642 3278 -
663 3239 787 3307 Pompeio
805 3240 834 3289 in
849 3239 947 3288 Asiam
963 3237 996 3290 de
1017 3241 1095 3304 rebus
1114 3241 1171 3290 suis
1193 3242 1221 3290 iu
1242 3255 1294 3290 eau-

177 3312 295 3362 *sulatu
317 3311 401 3380 pestis
421 3311 534 3360 miserat
562 3307 672 3367 Cicera,
705 3311 862 3376 aliquanta,
897 3316 928 3358 ut
949 3309 1108 3369 uidebatur,
1142 3311 1294 3364 insolentiae

202 3382 345 3449 scriptam,
372 3371 403 3432 ιιι
425 3380 543 3449 Pompeii
565 3380 727 3432 stomachum
750 3398 804 3448 uau
824 3379 993 3431 mediocriter
1014 3390 1203 3434 eoruruoaerets
1231 3377 1295 3448 aad

202 3452 319 3521 quadam
336 3451 491 3520 superbiore
500 3450 642 3519 J'aetautia
665 3453 781 3504 omnibus
802 3467 830 3499 ιι
845 3451 983 3522 glariosis*
994 3451 1106 3503 ducibus
1121 3457 1294 3522 anteponeret·

204 3552 236 3566 -
258 3519 410 3590 Oblireruut
424 3529 511 3572 autem
530 3521 648 3588 [literae
663 3521 747 3589 illae]
767 3539 797 3572 re
813 3535 894 3572 vcra:
919 3540 982 3571 aare
995 3524 1034 3574 sie
1053 3522 1172 3592 eflectum
1189 3531 1245 3581 est,
1269 3525 1295 3568 ul

202 3596 229 3645 ei
245 3594 384 3660 Pompeius
399 3600 495 3642 eontra
514 3589 674 3642 Clodianum
689 3594 742 3644 aim
756 3609 808 3642 aon
823 3595 1050 3660 patrocinaretur.
1069 3612 1095 3646 r.
1110 3613 1139 3662 p.
1155 3594 1238 3645 Sulla
1250 3589 1294 3645 24·

200 3667 240 3716 ‘ad
257 3665 347 3718 Attis.
366 3665 383 3715 1
403 3661 442 3714 14
459 3679 523 3731 pag.
542 3661 583 3714 82
602 3669 682 3730 seqq.¹
699 3661 753 3713 19.Ι
765 3680 829 3733 pag.
850 3661 918 3714 155.

260 3734 283 3802 5.
302 3733 352 3786 22.
391 3732 565 3801 Quamquam.
603 3751 628 3784 v.
646 3733 696 3783 111
715 3732 778 3784 cat.
799 3732 847 3784 12.
867 3761 898 3772 -·-
935 3735 1052 3800 recepti,
1071 3733 1098 3783 in
1116 3733 1217 3794 fidem,
1236 3731 1292 3782 ami·

205 3805 306 3858 citiam.
343 3803 400 3854 off.
419 3805 436 3853 1
456 3805 510 3864 ll,
529 3803 586 3856 ὅδε
624 3803 662 3862 Ιὶ,
679 3805 734 3869 qui,
754 3804 836 3854 aruris
846 3804 954 3871 positis,
974 3803 1211 3872 adimperatorum
1222 3802 1295 3874 fidem

203 3873 378 3947 eonfiapiuut.
409 3875 564 3943 reeipiendi.
591 3872 634 3924 -Iu
650 3891 702 3941 qua
721 3881 857 3942 tantopere
875 3873 947 3942 apud
968 3881 1073 3926 rsestros
1089 3875 1205 3942 justitia
1227 3873 1293 3925 culta

202 3952 262 4004 ιιι,
281 3954 311 3995 ut
328 3947 366 4005 ii,
385 3948 431 4012 qui
445 3948 568 3997 civitates
583 3953 631 3996 aut
646 3947 767 3995 nationes
781 3945 901 3997 devictas
916 3943 989 3994 hello
1000 3945 1028 3994 ia
1041 3945 1120 4017 fialam
1134 3948 1292 4016 recepissent,

204 4033 295 4068 aarum
315 4017 426 4084 patroni
448 4024 621 4067 assentatore
646 4015 782 4083 maiorum.
816 4033 843 4067 «r.
868 4015 940 4066 Sall.
961 4015 1028 4084 «lug.
1051 4015 1107 4076 ld,
1127 4015 1155 4067 t.
1176 4046 1207 4058 -
1241 4015 1292 4065 Pro

201 4074 334 4157 repuleris
360 4087 476 4139 Graevii
504 4086 608 4155 primus
631 4087 756 4140 exbibete
784 4087 943 4144 removeris,
971 4093 1000 4138 et
1020 4086 1091 4155 Τις.
1109 4087 1237 4156 repuleris
1254 4081 1293 4134 ael

195 4160 355 4214 removeris.
391 4158 519 4226 Utroque
543 4158 630 4208 verbo
650 4160 738 4208 utitur
764 4154 867 4208 Cicero
891 4157 919 4208 in
941 4155 992 4208 hac
1014 4175 1054 4210 re.
1091 4158 1176 4218 Ver-r.
1195 4155 1244 4206 111
1264 4153 1291 4204 1.-

224 4229 252 4282 ια’
275 4247 294 4279 ι
316 4229 455 4299 republica
474 4229 557 4278 ciuem
573 4230 854 4297 improbumremoaet.
891 4245 915 4278 r.
932 4228 949 4278 1
966 4225 1028 4279 Get.
1051 4227 1091 4278 10
1108 4235 1178 4280 extr.
1194 4246 1221 4297 p.
1237 4223 1290 4276 llil·

204 4247 266 4358 28,
292 4299 340 4350 77.
378 4299 427 4350 Sie
451 4298 583 4367 depellere
606 4299 638 4350 de
657 4300 788 4352 sententia
817 4296 945 4366 [1³st
960 4298 979 4350 7
997 4315 1060 4369 pag·
1077 4297 1118 4352 52
1136 4295 1243 4366 Gar.]‚
1267 4298 1290 4345 ei

202 4369 342 4420 διιιιιιιιιι
357 4368 389 4418 dr
406 4370 538 4420 ιιιιιιιιίιι
554 4371 601 4436 [V
604 4385 657 4420 err.
674 4371 706 4419 Α.
727 4369 771 4420 17.
789 4377 859 4422 extr.
869 4370 889 4434 l.
