2766 5026
242 365 365 445 553,
606 357 936 440 onas1o

184 581 186 588 .
243 533 378 594 nissima
400 531 516 592 concio
539 529 580 591 als
605 529 711 611 ipsius
731 531 930 593 mercenario
946 529 1081 594 tribuno
1099 531 1207 614 plebis
1231 537 1326 596 couci·

243 615 372 760 tutat}
396 636 488 697 quem
507 613 593 689 diem
610 613 687 686 ille,
711 635 804 696 quam
825 616 1035 688 nonnionem,
1060 637 1141 697 quos
1163 617 1327 692 clamores,

243 699 310 761 nisi
330 722 348 759 a
391 698 568 778 cogitatum
588 697 716 756 facinus
736 706 980 779 approperaret,
1003 720 1175 782 numquam
1190 700 1328 783 reliquis·

245 790 306 844 set.
356 781 443 862 Ergo
472 779 525 840 illi
549 801 590 840 ne
624 801 721 844 causa
741 780 889 864 ¹quidem
918 781 1071 856 itineris,
1112 783 1208 842 ctiam
1243 795 1329 845 causa

243 865 415 927 manendi:
457 859 577 925 Miloni
604 862 756 924 manendi
786 863 878 924 nulla
906 864 1067 944 facultas,
1108 865 1247 944 exeundi
1274 889 1328 927 uon

245 971 343 1010 causa
363 946 488 1019 solum,
511 947 684 1006 sedetiam
700 947 883 1007 necessitas
903 948 976 1008 luit.
1019 947 1134 1024 Quid?
1157 949 1210 1021 si,
1231 950 1327 1010 atille
1379 931 1383 1068 Ι

170 1047 174 1060 ²
244 1032 360 1104 scivit,
393 1029 550 1104 Milonem
570 1029 639 1090 fore
662 1050 700 1089 eo
722 1029 776 1088 die
795 1031 831 1090 in
851 1029 923 1103 via,
954 1029 1003 1091 sic
1023 1030 1178 1092 Clodium
1194 1031 1327 1092 Milone

193 1125 235 1183 46
247 1113 408 1196 suspicari
426 1113 559 1194 quidem
569 1111 704 1192 potuit?
736 1111 878 1173 Primum
896 1134 1027 1195 quaero,
1051 1114 1107 1195 qui
1126 1114 1212 1174 scire
1227 1124 1328 1195 potue·

243 1198 313 1262 riti
351 1195 440 1280 quod
459 1217 517 1257 vos
539 1195 626 1256 idem
651 1195 686 1256 in
704 1193 824 1255 Clodio
871 1218 1003 1262 uaercre
1028 1205 1095 1260 non
1117 1199 1270 1276 potestis.
1300 1206 1328 1259 ut

244 1281 330 1343 enim
360 1278 520 1340 neminem
548 1277 665 1352 alium,
706 1277 773 1338 nisi
794 1277 834 1338 T.
887 1279 1025 1352 atinam,
1056 1280 1328 1342 familiarissimum
1381 1354 1383 1363 .

230 1363 356 1434 ¹suuni,
377 1369 547 1440 rogasset,
569 1361 653 1420 scire
673 1359 807 1440 pdtuit,
828 1359 888 1421 illo
907 1363 979 1443 ipso
995 1364 1056 1423 die
1076 1359 1215 1424 Lanuvii
1237 1386 1255 1422 a
1274 1366 1329 1425 dic·

244 1456 350 1510 tatore
369 1445 495 1507 Milone
514 1444 610 1530 prodi
628 1442 784 1503 flaminem
803 1464 940 1504 necesse
962 1466 1045 1506 esse.
1074 1446 1133 1514 scd
1156 1454 1250 1506 erant
1269 1469 1328 1528 per-

244 1529 339 1590 multi
357 1521 430 1601 alii,
454 1549 495 1588 cx
511 1527 628 1610 quihus
644 1526 679 1585 id
696 1525 849 1586 facillime
867 1527 951 1586 seire
969 1536 1098 1609 posset:
1123 1549 1234 1589 omnes
1253 1531 1326 1590 scili·

245 1621 300 1673 cet
329 1611 500 1672 Lanuvini.
554 1608 638 1670 Milo
672 1609 712 1669 de
741 1602 852 1670 Clodii
887 1610 996 1672 reditu
1031 1611 1117 1671 unde
1150 1606 1325 1693 quaesisitl

216 1759 219 1769 ,
245 1694 424 1778 quaesierit
446 1713 534 1755 saue.
565 1690 693 1765 videte,
717 1692 796 1790 quid
813 1693 905 1755 vohis
926 1693 1054 1774 largiar.
1078 1715 1204 1756 servum
1224 1697 1328 1767 etiam,
1380 1622 1383 1763 1

99 1782 101 1795 ‘
137 1834 140 1840 .
173 1789 177 1798 “
245 1786 283 1839 ut
298 1780 337 1854 Q.
357 1774 472 1836 Arrius
484 1775 531 1857 ²),
563 1797 652 1835 meus
673 1795 815 1847 amrcus,
851 1775 960 1850 dixit„
989 1777 1179 1859 corruperit.
1226 1778 1329 1859 Legite

244 1860 432 1921 testimonia
441 1858 575 1920 testium
589 1867 780 1918 vestrorum.
805 1857 889 1918 dixit
906 1859 945 1918 G.
965 1858 1148 1933 Cassinius,
1171 1861 1329 1942 Schola³),

131 1943 135 1948 ’
245 1944 463 2024 Interamnas,
482 1940 752 2005 familiarissimus
768 1947 802 2000 et
818 1941 905 2002 idem
923 1963 1029 2003 comes
1050 1943 1178 2004 Clodii:
1196 1944 1227 2028 ⁴)
1251 1946 1329 2006 cuius

298 2189 327 2257 l)
353 2190 427 2251 dixi,
455 2189 541 2241 insen.
561 2213 593 2228 --
611 2193 655 2240 est
673 2189 820 2241 concitata.
861 2187 892 2256 9)
918 2195 950 2243 ut
966 2189 1079 2244 Arrius.
1121 2190 1153 2261 5)
1181 2189 1330 2252 (laesimus,

244 2268 425 2330 cognomento
444 2260 539 2312 Scala.
574 2258 607 2328 4)
624 2259 657 2310 P.
678 2251 783 2311 Clodii.

246 2401 571 2419 μ

214 2559 216 2563 ,
244 2502 288 2554 ne
298 2493 432 2568 'enallage
447 2499 604 2570 imperfecti
622 2508 813 2570 approperaret
830 2507 934 2555 vtuott.
958 2502 995 2554 ed
1006 2501 1040 2556 11
1051 2501 1114 2555 cae.
1129 2502 1153 2574 5.
1164 2502 1193 2556 5.
1210 2520 1241 2575 p.
1253 2502 1328 2558 Aret.

240 2571 336 2644 516.
355 2578 384 2623 et
397 2589 481 2641 supra
497 2573 522 2640 5.
540 2570 579 2622 58
599 2577 627 2625 et
643 2571 683 2624 59
701 2579 771 2624 extr.

296 2674 327 2718 at
346 2667 380 2729 Q.
395 2666 505 2718 Arrius.
543 2667 591 2718 Sic
609 2673 687 2718 vetus
704 2668 777 2719 liber
794 2666 936 2729 Fabricii,
966 2667 1036 2720 Bar.
1051 2666 1139 2719 Barla.
1156 2684 1212 2721 see.
1253 2669 1328 2720 Acce·

245 2739 315 2802 dunt
358 2739 466 2807 lerique
485 2737 566 2789 Pare.
583 2739 628 2790 vel
650 2746 706 2804 atq.
729 2739 775 2790 vel
794 2757 854 2790 cum
868 2739 931 2804 Eri.
957 2746 1038 2806 atque
1060 2739 1231 2791 exhibentes.
1268 2741 1328 2791 Hinc

244 2809 310 2862 Par.
323 2756 360 2862 d
379 2827 439 2860 cum
460 2808 548 2878 lagg.
568 2809 655 2860 Barla.
678 2827 721 2877 pr.
744 2801 821 2861 Olim*
838 2809 907 2862 Gar.
926 2810 1010 2860 Taur.
1029 2816 1117 2875 atque.
1153 2811 1183 2860 in
1199 2811 1266 2864 Vns.
1285 2810 1328 2860 ll:

245 2879 323 2932 Scire
340 2898 374 2931 ex
388 2887 414 2930 te
427 2881 519 2948 cupio,
538 2897 588 2946 qao
606 2880 735 2939 coresilio,
755 2888 802 2937 aut
817 2895 871 2946 qua
888 2888 971 2931 mente
985 2878 1099 2949 feceris,
1123 2882 1199 2930 utin
1212 2882 1288 2952 epulo
1303 2878 1328 2940 Q.

243 2952 341 3010 Arrii,
365 2947 512 3019 familiaris
527 2951 594 3008 nesi,
621 2967 679 3001 eam
697 2958 761 3021 toqa
775 2951 854 3020 palla
872 2951 1058 3001 accumbens?
1096 2950 1131 3002 In
1144 2967 1206 3019 epp.
1228 2954 1264 3002 ad
1279 2952 1328 3000 Att-

240 3023 278 3087 Π
296 3021 335 3074 ld
357 3029 384 3073 et
406 3020 453 3072 15.
479 3018 511 3072 G.
535 3021 636 3071 Arriae
655 3023 794 3089 proximas
819 3023 939 3080 uicinas,
968 3021 1043 3071 immo
1057 3017 1118 3090 J'am
1143 3020 1327 3072 eoamtemala

164 3139 177 3156 ,
229 3085 481 3171 commemoratur.
509 3108 535 3144 v.
552 3090 648 3142 ibina
662 3091 728 3143 eea.
747 3093 782 3142 ad
799 3091 835 3160 Q.
850 3093 898 3142 Fr.
913 3090 971 3142 15.
990 3092 1077 3160 Apud
1093 3091 1221 3144 Diomed.
1237 3111 1265 3163 p.
1280 3087 1329 3142 590

224 3195 230 3204 ·
244 3164 373 3218 mendose
392 3164 510 3232 legitur:
538 3161 649 3224 Servant
667 3163 748 3212 etiam
764 3171 794 3213 ut
811 3163 959 3232 comperit
974 3162 1075 3212 Arriam
1092 3162 1193 3212 audeas
1210 3180 1288 3214 mesa.

300 3253 334 3309 Ce'
350 3255 489 3308 Cossinius
508 3256 617 3309 Sedala.
661 3256 755 3309 Voces
780 3244 1000 3330 cognomiae'vel
1022 3264 1209 3327 eoqnomento,
1231 3257 1260 3310 in
1280 3254 1328 3324 ple·

244 3329 338 3396 risque
360 3329 440 3379 libris
459 3334 522 3380 ante
538 3327 639 3380 Sedala
656 3329 827 3388 inculcatae,
856 3327 960 3379 rectius
975 3327 1123 3380 absumat
1139 3327 1229 3380 Arch.
1244 3345 1277 3378 m.
1294 3341 1328 3392 pr*

244 3399 314 3538 {a}
331 3398 460 3522 lgilolix
476 3399 811 3539 ilddidsdloagrffieezldris
824 3399 1024 3521 11118ῗέἑείὲί
1034 3397 1327 3538 ,Π1ιῐι11ιιιιθὶη111εεὶ1111

245 3541 325 3592 codd.
336 3540 397 3592 edd.
404 3541 493 3591 Vena.
501 3541 596 3609 legant
607 3539 766 3600 Gaasiaias3
787 3547 815 3591 et
823 3557 884 3591 mox
892 3538 1070 3597 Interamnae,
1080 3557 1132 3609 pro
1142 3558 1196 3608 qua
1203 3541 1268 3590 lect.
1275 3533 1327 3586 Eri·

243 3613 312 3664 Bas.
340 3610 404 3666 Col.
426 3610 647 3670 Interamnam,
682 3611 767 3662 Fabr.
791 3610 873 3663 Pare.
895 3611 1040 3679 plerique,
1061 3610 1150 3682 Arch.
1168 3627 1251 3662 nonu.
1268 3607 1327 3658 0¹1.

143 3735 147 3741 ·
244 3705 421 3764 Interaausis,
448 3706 517 3757 Bar.
535 3722 590 3758 sec.
606 3711 674 3758 text.
689 3704 742 3756 01.
759 3717 791 3772 ψ.
816 3703 859 3756 lt'e
875 3719 953 3754 anans
966 3702 1032 3772 fam.
1055 3703 1120 3754 Par.
1139 3703 1168 3756 a.
1184 3704 1258 3756 051.
1275 3701 1328 3750 rem

244 3777 333 3826 arrius
349 3776 413 3844 fam.
433 3775 575 3828 exhibent.
607 3777 643 3826 ad
655 3776 716 3827 Ate.
730 3775 774 3826 IV
787 3775 839 3828 152
864 3775 980 3825 ‘Reatini
997 3791 1036 3824 me
1051 3774 1088 3845 ad
1100 3792 1151 3824 sua
1165 3782 1248 3856 tempe
1259 3772 1327 3823 ‹taxe-

243 3853 323 3904 runt,
345 3853 375 3896 ut
389 3864 494 3918 aqerem
509 3862 617 3897 cansam
634 3855 727 3897 cantra
743 3845 947 3897 Interamnates.
972 3841 1073 3895 Schola
1090 3845 1217 3897 scribunt
1230 3844 1328 3896 Erras·

243 3912 320 3966 moll.
337 3916 417 3967 Pare.
438 3925 497 3969 tres
516 3914 604 3986 Lagg.
628 3915 702 3969 (tax.
727 3925 755 3968 et
773 3916 890 3968 Asconii
910 3909 1118 3984 coddiuAr‘g.
1136 3916 1160 3984 5.
1175 3915 1205 3976 d.
1243 3907 1328 3966 Ceteri

245 3997 306 4037 eum
324 3985 482 4040 Graeviano
499 3989 567 4040 Asc.
582 3989 678 4040 cadice
692 3988 720 4038 iu
736 3987 808 4055 Arg.
824 3989 846 4058 5
861 3987 901 4039 97
915 3986 1061 4055 negligunt
1079 3986 1279 4054 aspiraflonem.
1301 3980 1328 4028 1¹¹

244 4073 304 4108 rem
319 4057 473 4112 Asconiuss
510 4059 576 4123 Fuit
598 4060 642 4111 late
660 4057 814 4118 Cossinius,
842 4057 914 4126 apud
931 4075 1006 4123 quern
1025 4054 1137 4107 Clodius
1154 4058 1278 4108 mammes
1290 4048 1327 4098 1⁸·

244 4134 380 4177 teramnae
392 4129 479 4204 aipieri
494 4131 619 4191 uolebat,
649 4147 703 4198 qua
720 4137 795 4180 noete
811 4128 986 4197 deprehensus
1003 4135 1044 4178 est
1057 4129 1087 4177 ia
1104 4123 1227 4181 Caesaris
1243 4125 1325 4176 aona,

244 4216 303 4248 eam
314 4197 353 4248 itt
368 4199 397 4248 io
414 4209 504 4268 operte
518 4203 636 4273 airyiaes
646 4217 700 4272 ,pro
715 4200 814 4270 popula
832 4199 866 4250 ll.
882 4217 962 4251 sacra
977 4198 1106 4266 facerent.

297 4287 523 4360 firmiliarissimas
547 4302 574 4346 et
594 4296 671 4348 idem.
715 4294 768 4348 sic
786 4295 940 4355 Asconius,
974 4291 1075 4344 Pani
1106 4297 1173 4348 text.
1189 4289 1247 4342 Eri.
1264 4285 1323 4335 13⁸¹·

244 4360 350 4416 werd.
367 4364 493 4436 Hittorp.
509 4365 705 4427 Fabriciaaue,
724 4371 833 4420 veteres
853 4366 923 4419 libri
945 4363 1053 4426 Medii,
1080 4359 1203 4434 [odat
1237 4349 1323 4414 ceteri
