2824 5018
427 422 519 477 PRO
547 423 579 477 L.
603 421 818 479 HURENA.

70 588 247 652 consulatu
277 595 310 648 et
342 589 427 649 omni
456 590 577 650 honore
609 610 735 673 semper
767 593 989 673 dignissimum
1011 591 1163 658 iudicavi.

69 673 163 754 quod
185 672 313 754 quidem
334 671 385 731 ius
408 672 503 733 civile
526 673 692 746 didicisti,
715 697 780 735 uon
802 677 918 748 dicam,
941 696 1071 756 operam·
1090 698 1162 756 per-

68 754 205 814 didisti:
245 755 304 814 sed
332 753 416 814 illud
446 756 567 829 dicam,
607 756 726 817 nullam
758 779 829 818 esse
854 757 967 818 inille
990 756 1164 838 disciplina

66 837 228 896 munitam
256 837 296 896 ad
327 838 527 898 consulatum
556 839 648 899 viam.
691 862 805 900 omues·
831 841 914 901 enim
937 849 1044 913 artes,
1082 863 1162 937 quae

68 919 170 978 nobis
198 919 311 1000 populi
339 920 475 981 Romani
505 921 613 981 studia
642 922 842 998 conciliant,
881 930 914 984 et
944 922 1163 986 admirabrlem

69 1002 289 1080 dignitatem,
312 1009 344 1062 et
366 1011 546 1084 pergratam
568 1004 743 1070 utilitatem
765 1006 885 1066 debent
907 1004 1035 1067 babere.

139 1083 216 1144 Gar.
237 1085 300 1149 xl.
344 1087 469 1146 Summa
487 1087 627 1166 dignitas
646 1095 697 1148 est
712 1089 747 1147 in
762 1089 821 1161 iis,
845 1089 900 1173 qui
915 1088 1049 1148 militari
1066 1088 1162 1154 laude
1173 1075 1214 1126 Μ

70 1167 286 1228 antecellunt.
315 1169 419 1231 omnia
439 1169 534 1242 enim,
557 1191 637 1251 quae
658 1171 784 1231 suntin
803 1171 951 1253 imperio,
974 1179 1006 1231 et
1024 1171 1058 1230 in
1077 1178 1177 1232 statu

69 1249 241 1324 civitatis,
265 1253 363 1312 abiis
385 1252 515 1311 delendi
536 1260 569 1312 et
589 1253 705 1312 firmari
723 1263 886 1334 putantur.
917 1275 1043 1313 summa
1068 1254 1164 1314 ctiam

3 1381 4 1386 ,
70 1332 224 1404 utilitas;
261 1334 420 1417 siquidem
441 1357 550 1395 eorum
577 1334 715 1396 consilio
735 1344 767 1395 et
785 1336 952 1418 periculo,
982 1357 1165 1415 cumrepu-

4 1437 5 1444 ¹
68 1415 183 1488 blica,
215 1423 280 1475 tum
307 1418 401 1477 etiam
423 1419 542 1478 nostris
567 1418 664 1478 rebus
686 1416 808 1500 pertrui
826 1415 1004 1498 possumus.
1047 1417 1164 1480 Gravis

71 1503 173 1557 etiam
199 1497 256 1556 illa
281 1508 331 1560 est
357 1508 389 1561 et
414 1500 511 1581 plena
535 1500 725 1580 diguitatis,
749 1502 881 1562 dicendi
902 1501 1061 1572 facultas,
1084 1521 1164 1583 quae

72 1601 176 1660 saepe
199 1580 300 1642 valuit
329 1583 364 1641 iu
391 1581 523 1642 consule
550 1583 741 1664 deligendo,
773 1605 872 1666 posse
901 1583 1039 1645 consilio
1070 1593 1165 1664 atque

1 1693 8 1720 er
72 1661 242 1736 oratioue,
273 1673 305 1724 ct
324 1672 478 1739 senatus,
510 1675 543 1725 et
562 1665 696 1748 populi,
725 1677 904 1738 eteorum,
934 1667 989 1750 qui
1012 1687 1063 1725 res
1083 1665 1167 1726 iudi-

1 1786 9 1803 .
72 1753 172 1817 cant,
208 1755 332 1806 mentes
358 1767 553 1828 permovere.
587 1749 752 1831 quaeritur
784 1749 914 1822 consul,
948 1749 1004 1832 qui
1027 1747 1166 1808 diceudo

1 1885 2 1888 ,
72 1849 303 1912 nonuunquam
317 1831 503 1911 comprimat
523 1831 711 1892 tribunitius
731 1833 869 1902 furores,
894 1832 949 1914 qui
971 1833 1167 1891 concitatum

1 1963 6 1973 ‚
71 1909 232 1992 populum
251 1913 372 1985 flectat,
395 1913 450 1995 qui
466 1913 630 1993 largitioni
646 1915 789 1975 resistat.
816 1915 905 1974 'Nou
920 1913 1053 1986 mirum,
1077 1914 1104 1972 si
1124 1912 1166 1972 cb

1 2025 9 2057 ¹:
73 1993 162 2052 bane
184 1992 370 2056 facultatem
394 1996 539 2058 homines
558 2018 655 2078 saepe
675 1997 769 2057 etiam
787 2018 851 2056 non
872 1995 998 2056 nobiles
1017 1994 1166 2078 consula·

73 2085 146 2136 tum
164 2078 332 2138 consecuti
349 2087 441 2150 scats
471 2080 661 2160 praesertim
678 2101 747 2139 cum
771 2079 850 2139 baec
869 2079 979 2138 cadem
998 2099 1049 2138 res
1066 2075 1167 2158 pluri·

74 2179 144 2218 mas
165 2161 307 2238 gratias,
339 2161 535 2222 firmissimas
558 2162 735 2235 amicitias,
767 2162 900 2222 maxima
923 2160 1031 2220 studia
1052 2164 1166 2240 pariat.

1 2301 5 2308 Δ
79 2261 211 2322 quorum
233 2243 266 2302 iu
287 2244 351 2303 isto
372 2252 480 2304 vestro
504 2244 662 2317 artifieio,
694 2244 841 2325 Sulpici,
873 2244 956 2302 nihil
982 2251 1041 2303 est.
1091 2243 1163 2303 Pri·
1174 2241 1214 2294 25
1288 2311 1290 2317 .
1372 2263 1375 2270 ·

4 2352 10 2382 ,·
78 2345 159 2383 mum
178 2325 317 2405 dignitas
344 2326 379 2388 in
400 2328 573 2388 tamtenui
592 2327 729 2388 scientia
754 2349 834 2410 quae
854 2327 1080 2408 potestesse?
1108 2347 1161 2385 rea

3 2509 12 2524 '⁸
72 2523 142 2568 tate.
179 2517 237 2566 Sed
259 2521 403 2584 utrumqne
426 2517 454 2566 in
477 2534 526 2567 usu
548 2523 590 2566 est
606 2515 744 2566 Ciceroni.
779 2535 806 2584 p.
825 2516 919 2567 Plano.
941 2515 993 2567 122
1027 2515 1187 2564 Horaiaem'

1 2577 13 2646 l,
67 2586 210 2636 norrrrullis
229 2588 305 2636 rebus
321 2587 486 2654 inferiorem,
511 2587 615 2656 generis
631 2592 656 2635 et
675 2587 787 2636 aoraiais
805 2585 883 2636 dicos
908 2587 1068 2656 superiorem
1091 2584 1163 2636 aliis.

4 2653 7 2714 f
69 2655 131 2706 off.
152 2655 232 2715 115,
255 2655 308 2706 16:
344 2657 505 2708 Dicaearchi
519 2657 588 2707 liber
603 2655 636 2705 de
651 2657 762 2706 iuterita
779 2656 919 2714 boariaura,
938 2655 1056 2708 collectis
1070 2655 1163 2712 ceteris

67 2726 181 2784 causis,
199 2725 344 2784 elacionis,
363 2727 546 2795 pestilentiae,
567 2755 598 2778 -,-
617 2735 770 2794 comparat,
790 2735 888 2793 quanto
903 2727 993 2795 plures
1011 2727 1092 2778 deleti
1109 2725 1165 2773 siat

1 2856 3 2861 .
66 2797 190 2846 homiues
205 2796 334 2846 bominum
349 2799 452 2866 impetu.
473 2815 497 2850 v.
510 2797 543 2869 ll
559 2796 622 2848 cat.
640 2796 696 2856 u;
717 2805 753 2856 et,
775 2798 848 2864 quod
862 2798 1010 2848 ablativum
1029 2795 1164 2848 causalem

1 2875 2 2882 ’
66 2868 190 2926 attinet,
208 2867 274 2917 ibid.
292 2867 311 2917 ὅ
327 2885 368 2936 pr.
404 2869 487 2920 Adde
505 2869 539 2920 dc
555 2867 633 2918 Fiuu.
649 2867 739 2935 1⁸15,
758 2867 812 2918 45:
850 2868 1013 2917 Medicorum
1027 2865 1164 2916 seientiam

65 2955 125 2988 noa
140 2938 222 3004 ipsius
239 2939 322 2994 artis,
347 2938 394 2989 sed
408 2940 491 2992 bonae
507 2937 668 2989 ualetudinis
684 2956 765 2987 causa
780 2939 936 3006 probamus,
963 2945 989 2986 et
1005 2937 1161 3006 gubernato·

1 3052 4 3053 γ
63 3010 111 3060 ris
128 3025 175 3056 ars
189 3007 322 3064 utilitate,
341 3026 392 3059 aaa
411 3017 469 3060 arte
487 3009 623 3060 laudabar.
660 3027 682 3059 r.
702 3009 774 3058 infra
794 3007 840 3058 ld.
1001 3049 1006 3058 .

1 3079 7 3144 ¹,
125 3093 231 3145 operam
243 3077 393 3146 perdidisti.
432 3079 511 3130 Orat.
527 3078 611 3137 128,
632 3077 711 3129 128:
747 3077 907 3144 Apollonias
932 3089 984 3124 aon
1005 3074 1160 3142 patiebatur

64 3163 131 3205 eos,
151 3164 215 3213 quos
223 3147 368 3216 judicabat
381 3165 433 3198 aaa
447 3166 524 3218 posse
540 3155 658 3198 oratores
675 3147 801 3203 euadere,
828 3163 933 3215 operam
947 3145 1018 3213 apud
1030 3161 1085 3192 scae
1099 3161 1159 3210 per·

1 3213 2 3216 ¹
62 3217 144 3269 alere.
179 3219 326 3276 Fanum
345 3219 378 3268 t:
412 3218 549 3286 Pompeius
569 3217 721 3286 coafitetur,
748 3235 775 3266 se
792 3225 818 3280 et
835 3234 940 3285 operam
957 3222 984 3263 et
1000 3213 1084 3264 aierem
1098 3215 1177 3281 per·'

2 3279 8 3348 f
61 3287 181 3340 didisse.
216 3287 332 3338 Plraedr.
347 3289 381 3337 11
397 3287 431 3347 ὅ,
451 3288 504 3339 24:
533 3287 594 3336 Noa
608 3287 715 3336 maltum
731 3289 822 3356 egisti,
847 3294 873 3336 et
889 3303 969 3354 opera
983 3284 1158 3351 nequidquam

58 3358 161 3430 periit.
180 3385 211 3395 -
247 3360 380 3409 ruuaitam.
419 3377 446 3426 p.
465 3359 558 3408 Plane.
575 3357 627 3408 272
661 3357 762 3407 Eadem
777 3359 822 3407 uia
839 3358 939 3409 reuerita
954 3355 1093 3404 Laterensi
1108 3360 1156 3411 cst,

62 3427 141 3480 ι’άιιιι
160 3428 279 3548 utitatis⁷
290 3443 381 3479 cursus
403 3429 439 3480 ad
460 3428 580 3498 gloriam.
617 3445 642 3480 v.
660 3429 733 3478 intra
751 3429 772 3496 5
787 3427 836 3478 48.
855 3445 881 3498 p.
899 3427 929 3478 S.
947 3427 1030 3476 Rosa.
1047 3423 1070 3491 5.
1090 3421 1158 3474 140.

94 3497 181 3548 .ltlil.
218 3498 257 3549 ,Ι
282 3535 288 3548 .

64 3517 91 3570 Ρ
124 3567 175 3618 XI.
196 3499 221 3636 5.
239 3566 287 3620 Μ.
323 3569 352 3618 ia
373 3574 448 3618 statu
468 3562 518 3618 cio.
556 3569 589 3617 de
605 3567 666 3634 Rep
691 3567 775 3620 1112
812 3567 841 3616 ds
865 3566 953 3616 dicere
979 3563 1097 3619 solebat,
1125 3563 1157 3614 ab

1 3647 3 3655 '
53 3641 141 3700 ,hauc
162 3655 268 3688 causam
289 3646 426 3705 praestare
446 3646 552 3689 austrae
572 3638 690 3688 ciuitatis
711 3647 809 3688 statum
830 3639 922 3687 ceteris
944 3634 1104 3685 ciuitatibus.
1125 3661 1156 3671 -

65 3708 182 3760 Grauis.
220 3709 254 3760 dc
269 3708 329 3760 Pet.
345 3707 427 3762 Cous.
444 3711 467 3776 5.
482 3708 511 3760 l:
538 3708 657 3758 Noraiuis
670 3711 812 3758 acuitatem
826 3706 930 3758 dicendi
941 3705 1030 3775 gloria
1046 3703 1157 3754 aarum

62 3779 239 3832 sublevabis:
266 3795 367 3846 seraper·
392 3798 424 3829 ea
445 3798 486 3830 res
505 3778 646 3848 plurimum
671 3779 811 3849 diguitatis
833 3778 934 3828 babuit.
970 3775 1032 3824 Νοιι
1052 3779 1155 3842 potest,

63 3851 117 3918 qai
130 3847 226 3918 diguus
241 3849 353 3898 babetur
365 3857 495 3918 patronus
514 3849 703 3906 consularium,
723 3850 845 3920 indiguus
862 3846 999 3898 cornaleto
1013 3844 1114 3894 baberi.
1217 3878 1220 3882 »

119 3935 197 3987 posse
213 3919 331 3969 diceudo.
369 3920 420 3970 0r.
438 3919 519 3977 146.
539 3918 613 3971 202:
642 3917 824 3985 Coaquirimus
838 3935 902 3975 eura,
922 3917 968 3982 qui
981 3913 1067 3964 scelus
1079 3913 1154 3981 [rau-

61 3987 178 4054 demqae
195 3991 311 4040 arceatis
324 3993 412 4058 possit
428 3990 538 4041 diceudo
557 3989 685 4058 subjicere
701 3991 761 4042 odio
778 3990 882 4045 eiciam,
900 3986 1079 4054 supplicioque
1095 4001 1153 4034 coa·

61 4059 218 4130 stringeret
253 4057 370 4126 idemque
401 4062 501 4130 ingenii
528 4060 664 4129 praesidia
691 4060 864 4112 iaaoeeatiam
881 4057 1045 4127 judiciorum
1068 4071 1153 4124 poena

63 4130 203 4180 liberarer
229 4127 346 4196 idemque
367 4131 532 4201 larapaeatem
555 4129 733 4197 labentemque
750 4129 874 4199 populum
898 4135 945 4177 aut
961 4127 1069 4177 adires
1085 4126 1154 4176 exci-

64 4207 147 4258 tare,
173 4195 221 4250 aba
236 4201 269 4251 ab
287 4217 376 4250 errore
393 4201 534 4258 deducere,
559 4209 606 4250 aut
622 4201 782 4272 inflammare
796 4201 824 4249 ia
841 4199 979 4266 improbos,
998 4204 1046 4246 aut
1060 4196 1154 4246 iaeita·

64 4280 124 4332 ίιιιι
143 4272 172 4321 irs
189 4271 269 4322 bonos
286 4273 423 4342 mitigares
450 4273 496 4338 qui
511 4270 639 4337 denique,
666 4287 846 4337 quanicumque
862 4269 890 4319 ia
906 4268 1000 4319 animis
1024 4267 1154 4316 bouriarua

64 4347 164 4392 metam
178 4358 219 4390 res
233 4348 260 4391 et
274 4359 355 4392 casua
370 4343 494 4410 postulet,
512 4359 568 4390 eum
584 4341 694 4396 &reuda
710 4341 752 4391 rei
764 4341 882 4392 excitare
894 4339 979 4406 possit
996 4335 1039 4387 vet
1052 4333 1157 4386 sedare.

68 4429 94 4462 r.
113 4410 183 4462 ibid.
199 4410 235 4468 8,
255 4410 295 4462 50
312 4420 339 4464 et
357 4413 429 4464 intra
446 4413 468 4478 5.
482 4411 529 4462 22.
