2824 5018
268 351 351 432 ΜΒ
647 347 973 406 onnrro

270 538 342 580 cum
363 536 460 598 saepe
482 523 597 587 antea,
619 513 767 588 iudices,
798 523 832 576 ct
854 537 894 578 ax
916 516 1050 578 aliorum
1071 517 1225 590 miseriis,
1251 524 1318 578 etei
1375 583 1376 590 .

269 602 349 662 meis
372 599 458 660 curis
479 597 709 680 laboribusque
733 597 953 680 quotidianis,
976 600 1157 660 fortunatos
1180 622 1229 662 cos
1247 599 1318 658 boni·
1375 659 1376 668 ,

268 705 328 746 nes
349 683 544 754 iudicarem,
576 680 631 764 qui
652 681 767 740 remoti
789 705 806 741 a
830 682 946 742 studiis
971 683 1174 754 ambitionis,
1196 683 1318 742 otiamur
1375 715 1376 730 .

268 765 537 854 tranquillitatem
556 763 641 823 ritae
660 763 764 824 secuti
782 772 875 836 sunm
897 773 962 826 tom
983 787 1058 826 roro
1077 765 1110 826 in
1126 765 1174 826 his
1193 765 1226 825 L.
1243 765 1321 824 blare

268 870 329 910 nae
362 848 482 919 tantis,
517 855 646 930 tamque
674 846 856 928 improvisis
887 848 1042 928 periculis
1072 849 1119 908 ita
1151 869 1215 908 sum
1247 848 1320 906 anino

269 933 427 1004 allectus,
457 938 493 989 ut
522 949 586 987 nou
617 949 728 1010 queam
757 929 837 989 satis
863 949 968 1014 neque
998 953 1192 992 communem
1219 928 1322 989 omniun

268 1023 412 1075 nostrum
445 1011 682 1084 conditionem,
714 1033 819 1094 neque
840 1012 933 1072 buius
965 1023 1113 1073 eventum
1135 1015 1321 1092 fortunamque

267 1096 431 1158 miserari:
456 1094 511 1179 qui
526 1093 672 1174 primum,
697 1094 771 1154 dum
784 1117 824 1154 ex
842 1093 1019 1156 honoribus
1038 1097 1200 1156 continuis
1217 1093 1321 1154 familiae
1375 1122 1376 1156 r

267 1180 484 1262 maiorumque
514 1197 643 1237 suorum
671 1198 767 1238 nuum
798 1177 997 1238 adscendere
1025 1180 1157 1258 [gradum
1186 1177 1322 1254 dignitatis
1373 1169 1376 1234 l

268 1272 403 1323 conatus
425 1269 488 1335 cst,
511 1260 600 1318 vcoit
622 1259 656 1316 iu
673 1261 866 1340 pericolum,
889 1282 928 1320 ne
946 1271 979 1321 et
999 1281 1048 1334 ca,
1072 1283 1153 1344 quac
1175 1261 1288 1330 relicta,
1304 1267 1323 1316 et
1374 1291 1375 1316 r

267 1335 380 1417 hacc(
399 1365 479 1426 quac
504 1342 542 1401 ab
563 1341 634 1422 ipso
653 1351 855 1422 pertusant,
885 1344 1028 1417 amitta13
1059 1345 1198 1418 deiude,
1226 1351 1325 1424 propter
1374 1323 1376 1378 l

268 1427 409 1489 studium
428 1446 529 1485 uorao
550 1423 675 1496 laudis,
705 1425 799 1484 etiam
818 1425 852 1485 iu
875 1427 1166 1488 veterirsortunae
1185 1427 1324 1486 discrimen
1375 1479 1376 1482 ,

219 1530 258 1584 κθ
269 1509 451 1570 adducitur.
495 1507 586 1582 Quae
607 1527 676 1566 cam
695 1507 761 1567 sint
781 1509 899 1588 gravia,
922 1509 1062 1582 iudices,
1084 1519 1148 1570 tum
1168 1510 1249 1570 illud
1265 1529 1325 1567 acer·

268 1593 432 1652 bissimum
453 1597 521 1661 est,
555 1587 641 1670 qood
663 1589 760 1650 babet
781 1611 835 1651 eos
858 1601 1083 1666 accusatores,
1113 1601 1179 1652 non
1202 1591 1322 1676 quiodio
1374 1550 1376 1664 i

266 1674 506 1736 inimicitiarum
526 1672 811 1745 adsumendum,
835 1675 893 1734 scd
914 1675 968 1758 qui
991 1677 1098 1736 studio
1119 1675 1285 1736 accusandi
1301 1671 1325 1731 ad
1375 1676 1376 1701 ¹

267 1755 724 1820 iuimicitiasdcsccudernot.
767 1755 864 1828 Nam,
895 1767 930 1816 ut
951 1759 1091 1820 omittam
1114 1755 1325 1818 ServiumSal·
1373 1725 1376 1814 l

267 1840 401 1922 picium,
424 1860 516 1921 quom
536 1837 685 1917 intelligo
708 1861 771 1898 uon
791 1840 909 1901 iniuria
929 1841 964 1900 Ιι.
987 1841 1157 1914 Murenae,
1180 1840 1326 1902 sed‘booo

266 1925 312 1984 ris
336 1922 545 1982 contentione
569 1930 765 2001 permotum
796 1932 927 1983 accusat
951 1932 1105 2004 paternus
1124 1927 1262 1998 amicus,
1288 1923 1325 1981 cn.

1257 2057 1326 2071 -ῤ

320 2129 422 2178 remoti.
460 2125 761 2178 duminio-21:
794 2127 876 2208 51ulti
896 2137 922 2176 et
942 2136 1004 2178 suut
1024 2137 1050 2178 et
1069 2129 1197 2198 fuerunt,
1223 2132 1327 2198 quicum

267 2217 346 2266 quam
366 2198 444 2254 dico,
471 2195 694 2264 tranquillitatem
714 2205 878 2265 expetentes,
907 2217 923 2248 u
938 2201 1051 2269 negotiis
1068 2195 1185 2269 pieblicis
1202 2220 1230 2251 sc
1245 2215 1327 2254 renum
1374 2233 1375 2244 .

266 2276 344 2326 runt,
371 2267 407 2319 ad
427 2269 557 2333 otiumque
576 2265 757 2336 perfiuqerimt.
774 2297 804 2306 -
841 2267 896 2318 Sed
912 2276 937 2317 et
950 2269 1079 2338 facilior,
1105 2280 1131 2320 et
1148 2275 1234 2322 tutior
1246 2273 1294 2322 uita
1305 2273 1328 2316 est

268 2341 428 2398 otiosorum
448 2335 612 2404 fructuosior
625 2344 710 2388 autem
719 2338 849 2388 bominum
856 2339 948 2407 quereri
960 2347 986 2388 et
996 2340 1032 2390 ad
1039 2342 1191 2392 claritatem
1207 2337 1328 2410 amplitudi-

267 2426 374 2473 nemque
389 2410 478 2476 aptior
493 2426 598 2466 eorum,
623 2409 708 2474 quise
726 2408 762 2459 ud
774 2425 851 2476 rernp.
866 2409 940 2460 etad
954 2427 1062 2482 magnas
1080 2430 1121 2463 res
1137 2412 1267 2483 gerendas
1279 2423 1329 2462 aces·

267 2479 447 2537 moduocrunt.
484 2496 507 2528 r.
526 2478 559 2528 de
573 2478 670 2546 nep]
686 2478 767 2531 1-5.
787 2497 813 2546 p.
832 2477 919 2538 Areia.
940 2479 987 2532 12.

319 2547 477 2600 adscendere
522 2566 548 2615 p.
564 2547 644 2598 Sulla
660 2547 693 2598 b:
723 2547 757 2598 lu
778 2549 821 2598 bis
842 2568 880 2614 me
893 2567 1023 2618 apparere
1038 2551 1150 2609 nollem,
1180 2569 1282 2619 quemn
1298 2563 1328 2618 eye

200 2667 206 2672 .
268 2637 349 2689 operm
371 2617 446 2668 illum
468 2619 496 2667 iu
514 2619 598 2667 locum
612 2627 691 2684 atquae
706 2621 734 2668 in
748 2619 815 2668 banc
832 2620 1001 2670 celsissimum
1015 2621 1100 2672 sedem
1114 2622 1257 2692 dignitatis
1275 2629 1329 2686 etque

267 2691 391 2746 bonoria,
420 2687 509 2738 rosellis
534 2689 595 2736 rucis
618 2706 650 2738 ac
676 2691 778 2757 mugnis
802 2690 937 2738 laboribus
957 2698 983 2739 et
999 2693 1124 2760 perierdis
1141 2691 1328 2744 adscendissent

269 2763 303 2811 dc
324 2757 421 2815 offilt
441 2756 490 2809 18:
527 2755 561 2806 Iu
579 2758 630 2815 iis,
655 2759 701 2822 qui
717 2777 745 2807 se
760 2758 1002 2827 adjecenriuolent,
1028 2779 1080 2812 reon
1095 2769 1124 2811 ut
1139 2783 1173 2812 nc
1189 2763 1328 2834 afflantur,

268 2831 315 2881 sed
327 2837 356 2880 ut
373 2830 496 2879 altiorem
510 2827 622 2899 gradum
639 2827 816 2888 adscendunt,
847 2831 964 2880 restricti
978 2849 1033 2881 esse
1047 2832 1121 2882 nullo
1137 2835 1215 2884 modo
1230 2835 1328 2886 dete-u.

270 2951 302 2962 -
329 2923 428 2973 Paullo
446 2923 518 2973 intro
533 2923 595 2972 Par.
612 2921 639 2974 d.
656 2939 715 2972 cnm
734 2924 889 2992 scripturae
906 2927 1065 2994 compendio
1083 2935 1169 2996 patae
1196 2929 1277 2981 ceteri
1290 2940 1328 2976 cau

270 2993 341 3044 on.
356 3001 463 3062 parata.
500 2991 636 3061 fflcaprrd
650 2993 840 3061 Salbindug.
858 2995 909 3048 102
936 2996 1043 3046 Arnieos
1059 3015 1143 3064 neque
1161 3001 1329 3066 armiscoyem

266 3061 351 3127 'neqrce
376 3080 441 3113 auro
461 3080 592 3131 parare
619 3081 715 3129 queas.-
742 3065 823 3135 officio
847 3073 873 3114 et
892 3065 946 3136 fide
964 3067 1177 3136 pariuntur.
1214 3071 1280 3120 lbid.
1293 3065 1329 3115 51:

267 3133 361 3202 Maius
377 3133 487 3184 dedecus
502 3141 541 3183 est
553 3142 655 3202 parta
671 3136 799 3193 uruittcre,
818 3151 894 3201 qucum
910 3139 1011 3187 omnino
1026 3154 1077 3186 nou
1092 3142 1243 3206 paravisse.
1275 3137 1330 3190 (liee-

270 3205 436 3255 ronitarnen
453 3204 578 3256 usitatius
593 3211 634 3255 cst
648 3223 752 3272 parcre.
787 3224 812 3273 p.
829 3206 982 3258 Sulladi:
1015 3207 1121 3277 Afflicto
1146 3211 1179 3260 Ρ.
1199 3209 1273 3260 Sulla
1291 3223 1329 3256 cus·

269 3275 373 3324 arctatus
389 3275 640 3342 oobispuricbatum
658 3276 738 3324 rituti
749 3283 844 3343 purtem
859 3286 905 3327 est.
947 3294 971 3329 v.
988 3278 1060 3340 inira
1085 3279 1108 3346 5
1121 3277 1169 3330 87.
1190 3281 1234 3330 lv
1249 3273 1329 3330 cut.

270 3345 342 3412 Agr.
357 3343 429 3395 116.
449 3345 482 3394 dc
497 3345 573 3394 Finn.
591 3344 607 3392 I
625 3342 670 3402 16.
692 3344 795 3395 (iffill
812 3346 857 3396 15.

279 3433 282 3440 ⁴
324 3411 346 3480 5.
367 3411 415 3464 56.
451 3414 511 3465 odio
528 3415 743 3472 inimicitiarum,
762 3417 780 3466 i.
797 3433 819 3466 e.
837 3417 946 3467 odiocx
961 3417 1110 3468 inimicitiis
1127 3427 1212 3477 orto3
1236 3421 1329 3470 utrecte

271 3486 340 3536 ridie
356 3480 517 3544 Lambinus,
545 3486 749 3553 comp.p.·lt1il.
769 3485 865 3555 dupe.
902 3487 950 3538 Sic
973 3505 998 3554 p.
1023 3487 1151 3538 Sext-'¹12
1185 3489 1285 3541 Ademit
1297 3483 1328 3534 dl·

271 3558 333 3607 bluo
351 3557 437 3606 soceri
457 3573 547 3606 ironica
565 3573 633 3605 mors
645 3556 735 3626 filiae,
762 3556 809 3606 sed
826 3559 966 3607 caritatem
988 3558 1063 3607 illins
1086 3561 1281 3610 necessitudinis
1296 3571 1328 3605 aas

272 3623 379 3698 addixit.
415 3625 476 3676 Liv.
491 3625 577 3676 XXX
590 3625 646 3678 dd:
677 3628 925 3685 Nouembrem,
953 3627 1014 3678 odio
1030 3636 1131 3686 aestro,
1158 3623 1326 3681 consultanti

272 3694 399 3747 Romanis
414 3696 537 3747 credatis.
574 3714 598 3746 s.
618 3697 698 3746 Drab.
722 3700 755 3750 ad
774 3698 801 3754 h.
817 3699 834 3748 l.
853 3705 880 3749 et
895 3705 962 3751 nott.
982 3700 1017 3749 ad
1034 3715 1088 3748 orr.
1105 3718 1131 3766 p.
1149 3701 1168 3750 l.
1184 3703 1254 3752 blan.
1270 3692 1327 3766 55

272 3762 370 3818 leat.
387 3767 409 3834 5
423 3766 450 3816 4.
488 3766 530 3816 En
552 3767 593 3814 ed.
612 3767 710 3817 Wald.
736 3787 794 3822 cum
819 3787 871 3836 qua
894 3770 1066 3820 consentiunt
1089 3771 1170 3821 codd.
1191 3772 1327 3822 recentiore

273 3826 338 3888 Par.
352 3835 376 3887 ⁷.
396 3835 487 3896 (Mn,
513 3835 657 3886 Ernestias
679 3839 766 3888 edidit
783 3839 972 3890 descenderunt
992 3858 1043 3907 pro
1064 3841 1176 3908 volgata
1195 3849 1256 3893 cett.
1273 3833 1326 3888 codd

274 3915 357 3972 atque
372 3907 433 3956 edd.
452 3907 571 3958 lectione
587 3907 792 3965 descenderents
813 3927 889 3976 qnam
907 3909 1053 3960 Lambinus
1075 3913 1197 3964 correxit
1213 3915 1239 3962 in
1253 3910 1327 3960 deseca·

273 3977 371 4029 derint.
407 3975 459 4029 lbet
475 3983 563 4026 antem
583 3975 634 4027 hoe
651 3978 762 4027 verbnm
781 3977 909 4030 Ciceroni
926 3981 1044 4030 solemne
1064 3982 1098 4032 de
1113 3981 1165 4040 iis,
1193 3983 1237 4050 qni
1257 3980 1292 4030 sel
1305 3971 1326 4024 d

275 4045 394 4101 comitia,
414 4048 456 4097 vel
470 4049 503 4097 ad
510 4046 616 4114 judicio
628 4048 654 4096 in
670 4065 788 4114 campum
802 4052 886 4104 autin
896 4051 986 4099 iorum
1001 4067 1029 4100 sc
1045 4052 1198 4102 conferunt.
1216 4071 1242 4122 p.
1253 4043 1325 4101 cmc

278 4112 439 4168 certissimis
459 4118 611 4168 criminibus
634 4123 658 4166 et
677 4120 785 4169 testibus
799 4119 883 4186 fretus
903 4119 940 4170 ud
955 4111 1278 4174 neemandum'umendtt
1304 4113 1325 4164 tl

274 4189 350 4240 Fam.
369 4185 444 4324 ῊΞΙ
450 4185 479 4308 1?
472 4207 493 4308 2²
519 4185 584 4238 Stre
597 4187 654 4238 ullo
669 4189 846 4258 subscriptore
856 4189 1005 4249 descendit,
1023 4198 1049 4242 et
1066 4189 1189 4244 Tuccium
1204 4210 1267 4244 reum
1274 4185 1324 4258 [edi

274 4275 300 4312 v.
317 4275 347 4308 sn
368 4275 399 4308 ra
431 4295 436 4307 .
493 4297 498 4308 .
986 4297 989 4302 ,

327 4275 434 4380 binarii
449 4330 613 4380 contentione
623 4338 765 4400 permotum
780 4329 1022 4392 adsuescendum,
1041 4335 1116 4400 qnod
1131 4323 1323 4396 euertere-pt·
