2824 5018
494 253 520 302 Ι

411 328 569 440 rno'r..
596 379 815 440 nunnae
931 405 937 422 ·
1076 377 1160 460 525

60 566 309 634 nonuunquam
331 550 459 612 exorari
479 551 616 612 eundem
638 557 673 612 et
690 549 831 635 placeri:
852 543 942 634 quod
957 545 1089 623 dixerit,
1110 547 1161 609 ini

59 633 211 706 terdum,
241 631 333 693 siitu
350 631 473 695 rectius
492 633 554 707 eit,
584 641 725 696 mutaret
757 634 797 694 de
817 632 981 694 sententia
998 632 1158 694 decedere
1232 685 1234 688 .

59 715 259 860 aliqnando:
291 735 401 777 omnes
428 717 567 778 virtutes
591 717 817 779 mediocritate
843 715 979 800 quadam
999 736 1073 775 esse
1092 709 1159 775 mo·
1263 733 1266 740 ’

87 805 206 860 cretas.
869 831 872 840 ,

128 877 353 944 cse.xxx1.
395 880 468 944 Hos
485 881 527 943 ad
542 881 756 964 magistrossi
794 889 880 943 uate
895 855 1209 954 rotomacum&

60 983 139 1024 cnm
155 959 349 1025 iete'uatura
363 963 554 1027 detulisset:
577 986 642 1027 uon
659 974 696 1026 tu
713 907 842 1050 quidem
858 965 908 1026 vir
923 963 1038 1024 melior
1054 983 1158 1034 essee,

59 1045 272 1118 neofortior,
293 1065 354 1106 nee
365 1049 610 1129 temperantior,
627 1070 648 1109 n
671 1049 828 1120 ciustior‚
852 1049 971 1132 (neque
986 1047 1071 1106 'enim
1084 1065 1158 1105 esse

57 1129 190 1212 potcs‚)
214 1128 272 1189 sed
289 1126 399 1208 paullo
421 1131 461 1190 ad
482 1132 649 1192 lenitatem
667 1130 870 1215 propensior.
901 1151 966 1190 non
985 1145 1157 1189 accusares

58 1211 166 1272 nullis
186 1212 346 1271 adductus
366 1212 558 1290 inimicitiis,
580 1215 670 1275 nulla
688 1213 863 1275 lacessitus
882 1208 1011 1286 iniuria,
1033 1209 1159 1292 pudene

58 1294 225 1356 tissimum
242 1293 561 1368 hominembonum
580 1298 739 1379 dignitate
760 1305 856 1380 atque
874 1295 1045 1356 honestate
1064 1314 1158 1375 prae*

59 1377 188 1438 ditnm=
210 1384 447 1458 putares‚'cum
466 1381 501 1440 in
523 1381 667 1442 eiusdem
687 1380 761 1441 anni
784 1379 932 1440 custodia
949 1386 984 1439 te
1003 1385 1035 1438 at
1060 1397 1100 1436 ue
1118 1375 1157 1438 1..

60 1460 236 1521 Murenam
256 1461 385 1522 fortuna
401 1465 579 1543 posuisset,
602 1464 711 1547 aliquo
728 1471 763 1524 te
785 1484 857 1522 cum
876 1459 938 1522 boc
956 1460 1050 1541 reipu
1073 1458 1156 1518 lione

59 1543 196 1603 vinculo
207 1563 280 1603 esse
292 1543 514 1606 coniunctum:
532 1547 621 1630 quod
630 1547 784 1622 atrociter
795 1546 956 1622 insensatu
967 1543 1158 1616 dixisti,aut

59 1642 132 1686 non
144 1624 297 1698 dixisses,
317 1637 371 1687 aut
383 1630 599 1709 seposuisses,
618 1637 671 1691 aut
681 1626 841 1690 mitiorem
856 1629 891 1689 in
907 1635 1032 1709 partem
1056 1625 1156 1688 inter-

58 1715 241 1790 pretarere.
250 1783 253 1790 ‚
261 1708 311 1768 Ac
327 1717 360 1769 te
371 1708 476 1790 ipsum
488 1711 656 1797 (quantum
667 1731 727 1792 ego
744 1710 897 1793 opinione
909 1708 1060 1794 auguror)
1071 1729 1156 1769 nunc
1166 1693 1207 1750 ⁰⁸

62 1797 102 1853 et
121 1791 220 1851 animi
242 1791 380 1874 quodam
402 1793 525 1875 impetu
547 1795 762 1869 concitatum,
792 1801 825 1854 et
847 1789 883 1854 vi
903 1800 1036 1852 naturae
1059 1798 1158 1873 atque

59 1872 189 1954 ingenii
211 1871 340 1948 elatum,
363 1877 550 1938 recentibus
570 1869 815 1959 praeceptorum
834 1875 951 1938 studiis
972 1875 1159 1955 flagrantem

60 1955 143 2031 iam,
163 1977 240 2017 neus
259 1957 381 2032 flectet,
403 1959 473 2020 dies
494 1960 613 2034 leniet,
630 1969 719 2022 actes
738 1959 907 2040 mitigabit.
950 1957 1081 2018 Etenim
1101 1954 1160 2022 isti

61 2038 131 2120 ipsi
150 2037 228 2098 mibi
244 2039 398 2101 videntur
419 2044 521 2104 vestri
539 2051 769 2126 praeceptores
790 2050 823 2104 et
843 2041 972 2103 virtutis
993 2038 1158 2120 magistri,

64 2121 148 2181 fines
169 2121 347 2184 officiorum
363 2124 474 2205 paullo
495 2125 637 2208 longius,
660 2147 753 2209 quam
770 2133 884 2186 natura
907 2122 1025 2194 vellet,
1047 2128 1161 2202 protu-

66 2203 161 2278 lisse;
182 2211 217 2266 ut
233 2226 304 2265 cum
320 2205 360 2265 ed
377 2207 522 2270 ultimum
540 2209 642 2272 animo
663 2207 954 2280 contendissemus,
976 2205 1022 2264 ibi
1039 2213 1160 2276 tamen,

69 2285 126 2347 nbi
141 2294 320 2371 oporteret,
339 2288 608 2360 consisteremus:
622 2291 714 2354 Nihil
726 2289 898 2372 ignoveris.
915 2287 1008 2349 immo
1023 2284 1160 2370 aliquid,

67 2368 278 2436 nonomnie.
331 2369 423 2434 Nihil
450 2375 584 2454 gratiae,
602 2396 698 2436 causa
727 2373 857 2448 feceris.
887 2373 983 2440 immo
1011 2367 1159 2434 resistito

68 2451 204 2532 gratiae,
229 2474 299 2513 cum
313 2455 494 2516 officiumet
506 2457 587 2517 tides
601 2456 794 2539 postulabit.
831 2453 1061 2516 Misericordia
1075 2473 1161 2513 com·

68 2535 294 2596 motusnesim
313 2535 425 2609 etiam3
443 2537 478 2596 in
486 2537 897 2602 dissolvendaseveritate=
914 2537 1092 2599 sedtamen
1108 2539 1161 2596 est

120 2768 238 2824 xxxl:
252 2768 275 2838 ξ.
294 2767 344 2822 dd.
379 2773 553 2843 seposuisses,
563 2768 600 2826 'in
616 2775 693 2826 atiud
710 2782 824 2845 tempus.
862 2771 944 2826 Orat¹
957 2764 998 2825 42
1012 2789 1072 2842 pm:
1090 2767 1159 2821 Nul-

64 2839 121 2891 lum
136 2841 190 2891 sibi
207 2839 245 2891 ad
260 2857 318 2890 eam
343 2858 397 2892 rem
419 2851 517 2914 tempus
534 2845 587 2916 ipsi
601 2854 771 2916 reponerent,
797 2844 844 2896 sed
867 2845 1089 2911 eodem‘tempore
1108 2848 1157 2906 ete,

61 2907 190 2962 111552
226 2909 262 2960 Ut
285 2911 357 2962 aliur
377 2911 460 2964 aliam
481 2916 534 2965 sibi
554 2925 671 2984 partera,
700 2918 728 2967 ia
748 2933 801 2982 qua
820 2914 987 2971 elaboraret,
1012 2917 1157 2980 reponeret.

9 3027 13 3034 .
61 2981 134 3032 Tac.
150 2980 187 3031 11.
204 2980 222 3031 1
239 2980 270 3052 1·
307 2979 448 3050 liopertum
476 2984 590 3054 Trajuni
612 2983 644 3027 2-
668 2987 796 3048 senectuti
818 2984 932 3054 reposui.
975 2987 1011 3037 τὸ
1033 2996 1158 3050 reponere

60 3050 275 3124 opponitur-'tofi
286 3051 409 3121 proferre
428 3054 456 3103 in
477 3053 493 3104 1
516 3055 594 3118 Orat,
613 3053 673 3115 Δ35,
695 3054 768 3106 rou.
805 3053 838 3104 Si
860 3055 888 3104 ia
912 3052 1032 3118 aliquam
1054 3051 1158 3102 domum

54 3122 169 3192 plenam
187 3129 395 3174 ornamentorum
411 3123 527 3173 venisses
536 3125 549 3183 ‚¹
571 3127 596 3178 si
611 3123 773 3194 easepoeita
790 3131 888 3182 eareat,
914 3129 944 3172 tu
962 3148 993 3162 ·-
1014 3139 1066 3171 non
1081 3121 1158 3173 dubi·

58 3198 138 3244 taree
152 3208 248 3262 rapere
262 3189 406 3250 dominum,
437 3193 722 3312 utlproserrijuberet.
759 3194 906 3244 Lambinus
924 3192 1023 3244 edidit:
1050 3199 1115 3250 aut,
1133 3191 1159 3241 ei

51 3263 205 3334 pomisses,
221 3261 349 3312 mitiorem
357 3268 406 3313 ete.
424 3262 458 3313 de

58 3331 176 3402 quid'em
185 3333 353 3400 sepatuisaes.
372 3331 430 3382 Sed
444 3333 525 3383 etiam
539 3352 622 3402 supra
638 3335 666 3384 in
676 3333 756 3389 Parr.
774 3332 799 3386 i.
815 3335 843 3386 4.
857 3334 915 3385 ¹01.
926 3347 956 3401 ψ.
969 3333 1104 3402 ‚scriptum
1115 3331 1158 3383 eet

52 3404 176 3476 fhrtuaa
190 3401 341 3474 patrasset,-
365 3407 391 3451 et
407 3400 477 3469 §.62
488 3411 558 3456 extr.
575 3407 602 3454 in
611 3403 675 3455 Par.
689 3404 876 3470 Leousulatis
891 3402 1057 3455 candidatam.
1078 3401 1157 3452 Idem

55 3471 161 3525 Lamb.
176 3479 279 3524 rectem
288 3476 369 3540 putat
383 3473 484 3524 veteris
494 3475 554 3526 cod.
572 3475 736 3546 scripturam
751 3477 779 3526 ia
793 3475 907 3544 efresdem
922 3473 986 3523 uani
1001 3471 1157 3530 custodiam,

57 3560 145 3614 quam
172 3559 224 3610 ego
247 3541 276 3591 in
299 3541 380 3592 Parr.
408 3539 433 3596 i.
454 3541 483 3594 4.
507 3545 616 3606 inveni,
657 3545 704 3615 qui
730 3555 820 3599 tamen
847 3551 943 3598 carent
964 3560 1092 3612 praepos.
1110 3543 1157 3600 in,

56 3629 136 3684 quae
151 3629 168 3662 a
182 3612 366 3681 praecedente
380 3629 448 3665 voce
463 3614 609 3668 absorberi
620 3615 720 3684 potuit.
756 3615 830 3668 Hinc
847 3615 912 3666 Par.
929 3614 966 3666 92
994 3629 1072 3682 quum
1089 3610 1157 3684 ἠως·
1208 3653 1213 3664 .

54 3683 122 3738 dem
138 3683 203 3734 anai
218 3681 351 3732 custodem
365 3689 414 3732 ete.
480 3733 483 3740 ,

115 3753 188 3806 uene.
223 3751 291 3810 Ter.
306 3751 427 3822 Adelph.
443 3753 473 3803 V
488 3752 509 3806 4
523 3765 580 3824 pn:
616 3753 765 3822 Numquam
790 3754 829 3805 ita
853 3755 991 3821 quisquam
1013 3751 1077 3802 bene
1097 3750 1157 3802 set·

54 3822 146 3876 dueta
160 3821 264 3873 ratione
281 3822 318 3873 ad
339 3824 421 3873 uitam
434 3821 506 3896 firit,
536 3821 608 3886 Quia
628 3841 686 3882 rea,
712 3833 803 3883 aetas,
829 3843 906 3884 urus,
933 3817 1158 3891 temperatique&

55 3894 193 3964 adportet
212 3891 283 3942 aboi.
320 3891 382 3944 cic.
404 3911 431 3962 p.
454 3893 552 3946 Coelio
576 3893 614 3944 51
639 3900 725 3946 extra
766 3893 799 3945 Si
825 3895 868 3946 eui
891 3893 999 3944 nimium
1024 3891 1157 3961 effervisse

54 3964 172 4018 videtur
188 3961 313 4031 bujaa'-
329 3963 386 4022 oie,
404 3962 550 4032 feracitas,
567 3963 733 4034 pertinaciae
755 3965 812 4038 p'am
829 3965 883 4016 ieta
898 3962 1076 4033 destrueriat,
1096 3961 1157 4034 jam

56 4043 141 4088 aetas
159 4034 262 4089 omnia,
272 4031 334 4101 jam
350 4051 409 4091 rer,
420 4033 482 4104 jam
497 4034 555 4086 dies
573 4035 711 4106 adtigerit.

117 4103 213 4162 etiaru3
251 4102 279 4153 ire
309 4102 478 4155 dissoluenda
507 4107 666 4156 severitatet
700 4103 746 4156 sed
771 4111 857 4154 tamea
874 4110 921 4155 etc.
975 4101 1157 4154 nocentiores

59 4175 227 4228 ediderunt:
264 4171 370 4235 Etiam3
391 4173 419 4224 ia
434 4174 604 4226 dissolvenda
619 4176 760 4226 severitate
774 4181 859 4224 tamea
875 4179 972 4224 estete.
1010 4172 1157 4224 Lambinus

58 4251 155 4297 autem
171 4241 343 4294 Hotomanno
359 4261 497 4297 assensus:
508 4275 540 4286 -
558 4264 590 4295 ne
603 4247 650 4297 sie.
686 4243 741 4295 Sed
756 4251 841 4300 tamea
857 4252 904 4301 est,
924 4244 1004 4294 etiam
1016 4243 1044 4293 ia
1060 4243 1156 4294 dissol-

56 4313 151 4368 uenda
166 4331 248 4364 rever.
262 4314 321 4364 laur
336 4314 430 4381 aliqua
443 4315 625 4368 bumaaitatis.
659 4313 742 4366 Illam
761 4315 845 4366 codd.'
863 4313 1027 4381 scripturam
1048 4313 1157 4366 firment

59 4385 125 4457 ipse
141 4382 204 4436 Cic.
217 4381 302 4436 verba
317 4383 351 4436 de
369 4383 424 4438 off.
440 4385 461 4438 1'
471 4383 528 4446 28,
547 4383 604 4440 882
642 4383 680 4437 lit
697 4393 782 4436 tamea
800 4386 840 4436 ita
860 4383 1000 4456 probardo
1023 4391 1063 4436 eet
1085 4401 1155 4436 maa·

498 3269 579 3315 otom.
588 3261 754 3332 conjectura.
773 3264 808 3314 ln
817 3263 955 3316 nonnullis
964 3262 1043 3314 Parr.
1052 3262 1157 3329 legitur
