2766 5018
1129 139 1137 166 t

261 315 263 320 ’
324 349 415 405 ruo
440 347 872 406 r.auurou1norn.
1073 351 1160 430 579

17 515 252 588 adessemus.
298 499 420 582 nortui
440 517 639 578 viveremus:
669 514 917 600 bancdeniqae
941 539 1036 594 esse,
1066 495 1158 580 cuius

18 601 187 680 gradibus
209 598 361 682 etiam¹)
377 600 412 660 in
429 599 556 661 coelum
574 599 928 661 hominesviderentur
944 603 1157 664 adscendere.
1256 671 1259 683 .

18 684 70 743 lle
93 705 175 756 me,
202 682 355 766 inquit,
383 705 512 765 semper
528 682 668 764 populus
686 683 870 756 Romanus,
898 679 1208 765 'semperomneoil8

20 775 142 846 gentes
181 763 402 847 loquentur,
453 768 543 828 nulla
579 788 726 848 umquam
764 766 968 828 obmutescet
1000 777 1157 830 vetustas.

21 850 102 933 quin
138 848 213 908 hoc
237 857 396 929 tempore
420 849 512 930 ipso,
546 871 616 909 cum
638 852 881 910 omncsameis
905 851 1044 912 inimicis
1067 854 1157 914 iaces
1251 923 1254 928 ¹

24 933 175 993 invidiae
192 953 303 1008 meac
316 932 531 996 subiicientur
540 933 587 1016 2);
610 942 717 993 tamen
728 933 813 1013 omrai
823 933 858 993 in
873 933 1035 996 bominum
1047 944 1156 1008 coetu,

27 1015 142 1095 gratiis
184 1015 362 1094 agendis,
404 1024 438 1076 et
475 1013 749 1097 gratulationibus
781 1015 966 1090 babendiS,
1003 1026 1036 1078 et
1071 1019 1156 1079 omni

31 1120 182 1159 sermone
212 1097 441 1170 celebramur.
495 1099 619 1160 Omitto
650 1099 801 1160 Etruriae
826 1101 953 1173 festos,
988 1109 1020 1170 et
1047 1110 1155 1172 actos,

36 1190 68 1242 et
87 1183 282 1252 institutos
310 1182 402 1254 dicer
435 1183 613 1253 centesima
637 1181 703 1247 lua¹
722 1191 773 1244 est
799 1182 879 1244 baec
907 1185 946 1244 ab
965 1184 1102 1246 interitu
1120 1183 1157 1245 P.

40 1263 170 1337 Clodii,
218 1273 287 1338 et,
327 1265 463 1346 opinor,
507 1267 631 1339 altera,
672 1289 735 1348 qua
772 1266 853 1327 fines
886 1265 1015 1347 imperii
1044 1267 1158 1348 populi
1248 1291 1251 1302 ¹

43 1346 171 1408 Romani
191 1357 305 1420 sunt,
339 1347 409 1434 [ea]
431 1369 498 1409 non
523 1348 626 1408 solum
644 1349 727 1410 famu
745 1348 809 1424 iam
826 1351 866 1410 de
883 1350 956 1423 illo,
979 1351 1039 1418 sed
1061 1351 1158 1415 etiam
1213 1358 1220 1418 ,’

42 1429 160 1492 laetitia
181 1431 396 1513 peragravit.
440 1432 674 1509 Quamobrem,
697 1432 753 1492 ubi
770 1455 887 1514 corpus
902 1433 966 1496 hoc
985 1433 1047 1506 sit,
1069 1452 1158 1508 non,

86 1629 116 1697 l)
133 1630 278 1682 homines
296 1629 326 1681 in
344 1631 462 1683 coelum.
499 1630 530 1734 ssa)
548 1649 624 1684 mene
641 1632 762 1684 inuidiae
779 1633 972 1706 subjiciuntur.

42 1752 410 1767 n—..——-

39 1823 104 1871 mins
122 1822 232 1874 laudat
253 1821 395 1875 Paradox.
413 1824 430 1874 I
449 1822 485 1875 22
516 1823 618 1887 Quibus
630 1824 734 1875 tandem
752 1823 882 1895 aradibus
901 1823 1031 1874 Romulus
1051 1823 1158 1891 adscen-

44 1891 82 1942 dit
97 1892 125 1941 in
144 1895 282 1944 coelam?
303 1895 386 1952 iisne,
406 1911 474 1960 quae
493 1895 540 1944 isti
559 1897 628 1946 bona
646 1896 806 1965 appellant?
827 1913 862 1945 an
880 1897 958 1945 rebus
976 1895 1059 1965 pestis
1078 1903 1159 1960 atque

43 1964 213 2014 uirtutibus?
249 1963 321 2016 Gar.
342 1966 420 2018 addit
441 1984 468 2034 p.
490 1965 569 2017 domo
588 1966 643 2018 282
671 1967 775 2028 Quibus
795 1973 929 2038 tamquam
944 1966 1075 2038 gradibus
1093 1965 1160 2030 inibi

46 2033 133 2087 uideor
152 2036 184 2084 in
205 2035 316 2086 coelam
332 2035 511 2088 adscendisse.
1214 2069 1217 2074 ·

94 2104 115 2171 ᾖ.
136 2103 190 2156 98.
224 2107 269 2156 De
288 2124 327 2157 rae
346 2115 395 2158 etr.
431 2125 457 2160 v.
476 2125 503 2176 p.
523 2103 611 2158 Marc.
630 2105 653 2174 fi.
673 2105 702 2158 9.
721 2105 790 2162 Tae.
808 2109 880 2175 Agr.
905 2112 990 2168 extra
1019 2103 1160 2171 Quidquid

49 2189 79 2220 ex
93 2174 238 2244 Agricola
259 2179 423 2236 amavimus,
440 2184 527 2228 maaet
540 2195 740 2243 mansurumque
755 2167 795 2227 ist
812 2179 840 2227 in
859 2179 955 2227 animis
971 2176 1110 2234 bominum,
1130 2177 1160 2226 in

53 2247 206 2314 aeternitate
220 2255 390 2316 temporum,
407 2247 483 2316 fama
499 2253 595 2298 rerum.
616 2277 647 2288 -
683 2248 826 2306 Intrerbis
842 2249 970 2298 continuo
985 2265 1061 2315 seqq.
1077 2247 1158 2297 Parr.

53 2311 75 2362 2·
89 2313 114 2368 b.
131 2315 160 2368 li.
179 2317 211 2370 8.
235 2317 310 2368 Gar.
329 2337 383 2370 sec.
403 2320 430 2368 d.
449 2326 517 2371 text.
535 2320 597 2371 Eri.
617 2317 691 2371 08¹.
711 2320 813 2386 aliique
828 2318 895 2368 libri
911 2317 1015 2368 babent
1032 2319 1106 2375 sais,
1126 2335 1159 2368 ex
1265 2361 1272 2374 s

51 2400 98 2448 quo
122 2386 156 2439 L.
186 2390 361 2441 emendabat
384 2391 445 2464 tais.
483 2391 586 2456 Facilis
611 2396 653 2441 est
675 2391 861 2459 permutatio;
890 2390 929 2440 sic
950 2408 984 2458 p..
1004 2389 1034 2438 S.
1054 2389 1159 2458 Roscio

52 2453 88 2504 42
104 2475 148 2526 pr.
169 2459 262 2515 Parr.
281 2477 341 2511 cum
367 2462 407 2511 ed
429 2462 508 2513 Rom.
537 2461 666 2512 exhibent
688 2463 760 2511 taine
785 2479 836 2530 pro
862 2462 946 2511 suine.
984 2459 1042 2510 Sed
1059 2457 1159 2510 Gelon.

51 2541 105 2576 cum
122 2530 217 2582 Arcb.
251 2538 315 2582 cett.
331 2532 410 2581 Parr.
432 2533 458 2583 d.
483 2551 569 2599 marg.
590 2531 664 2581 (ΗΧ.
685 2536 712 2582 et
730 2532 820 2582 tribus
838 2531 925 2600 Lagg.
944 2549 977 2580 m.
995 2549 1016 2582 s.
1042 2531 1160 2600 praebet

51 2597 108 2645 meis
124 2600 259 2652 inimicis.
290 2601 570 2670 Garatonio‘quidem
586 2602 747 2671 pronomina
764 2603 798 2652 ab
814 2603 1015 2671 interpretibus
1030 2603 1159 2671 profecta

53 2665 228 2723 ridebantur.
277 2672 343 2722 Mox
366 2673 444 2723 Parr.
469 2675 555 2725 Bavv.
579 2673 639 2723 Eri.
667 2673 753 2723 Barb.
773 2674 836 2726 cdd.
858 2681 925 2726 vett.
945 2674 1065 2724 invidiae
1087 2691 1159 2724 meae

53 2737 243 2806 subjiciantur.
282 2742 381 2794 Heum.
407 2745 502 2794 attulit
524 2745 584 2798 Idv.
607 2743 660 2792 XL
685 2741 720 2794 lic
758 2744 848 2814 Hujus
873 2746 1004 2794 atrocitas
1027 2743 1158 2812 facinoris

57 2823 146 2860 novam
171 2815 252 2864 velut
272 2805 413 2885 flammam*
430 2815 501 2883 repis
525 2813 765 2882 invidiaeadjecit.
803 2833 827 2866 r.
848 2833 931 2884 supra
951 2817 974 2883 §.
994 2814 1041 2865 73.
1059 2815 1075 2864 1
1093 2814 1157 2866 cat.

56 2875 76 2942 ἓ.
92 2879 140 2932 29.
159 2891 187 2936 et
208 2883 280 2935 Gar.
298 2903 385 2952 comp.
403 2903 430 2953 p.
445 2885 508 2936 Clu.
523 2884 578 2936 292
613 2884 745 2936 Summam
762 2885 806 2936 illi
816 2886 923 2956 judicio
941 2885 1070 2936 iuvidiam
1088 2883 1158 2952 infa-

56 2949 181 3018 uiamque
198 2973 258 3004 esse
275 2954 431 3025 conflaturus
459 2955 538 3022 atque
549 2941 585 3007 ¹in
602 2955 671 3006 bane
686 2955 818 3026 flammam
835 2965 963 3007 recentem
983 2953 1158 3016 Gdaniam,

59 3021 100 3084 qui
117 3023 161 3073 illi
177 3027 331 3092 quaestioni
341 3024 515 3094 praefuerat,
535 3025 659 3096 injectum
680 3043 744 3076 esse.
965 3075 967 3080 .
1005 3034 1010 3041 '
1110 3075 1112 3080 .

87 3110 89 3118 ¹
106 3097 340 3162 gratulationibus
356 3105 409 3147 etc..
442 3115 468 3166 p.
488 3097 565 3148 Scxt.
582 3096 638 3157 6:52
674 3097 775 3146 Itinere
792 3103 846 3145 toto
863 3097 940 3146 arbes
956 3093 1058 3145 Italiae
1075 3091 1158 3162 festos

61 3155 110 3210 dies
133 3166 215 3234 apere
232 3166 360 3217 adventas
382 3168 431 3217 roei
444 3167 621 3225 uidebantur,
653 3167 714 3216 viae
729 3167 897 3218 multitudiue
915 3167 1063 3235 lepatoram
1082 3165 1158 3214 randi-

62 3246 106 3294 (μω
125 3237 270 3300 1ηιίεεοηιιη
294 3237 514 3296 celebrabantur,
541 3237 577 3288 ad
601 3239 689 3288 urbem
707 3256 827 3288 accessus
851 3237 1003 3287 incredibili
1026 3236 1159 3288 bantinum
1252 3287 1267 3299 ,
1349 3249 1353 3260 ’

61 3304 227 3358 multitudine
245 3309 466 3378 etpratulatione
480 3308 602 3379 florebat.
640 3309 676 3357 ad
693 3309 773 3358 Brut.
795 3327 835 3376 ep.
857 3308 875 3356 5
895 3309 934 3376 [l.
950 3307 1038 3375 Gan]
1078 3305 1159 3357 Nibil

64 3380 100 3420 est
123 3377 151 3425 ia
171 3397 210 3429 rne
236 3380 330 3429 inane.-
359 3379 406 3430 sed
430 3386 516 3428 tamen
541 3379 652 3429 omnium
678 3379 798 3429 ordinum
815 3395 971 3437 curacenses,
1006 3379 1159 3448 gratiaram

64 3445 147 3504 actio,
173 3449 378 3519 gratulatioque
401 3469 439 3499 me
461 3456 609 3502 corumoaet.
647 3449 720 3500 Pbil.
741 3449 815 3500 xlv
835 3447 871 3498 li:
910 3449 1017 3512 Quanto
1042 3449 1157 3506 bettore,

66 3509 183 3577 laetitia,
210 3521 395 3590 qratnlatione
421 3521 450 3571 iu
476 3521 524 3574 lanc
549 3520 672 3589 templum
697 3517 801 3590 inpredi
823 3520 918 3582 debent
941 3520 985 3570 illi
1008 3521 1061 3586 ipsi
1078 3516 1158 3587 brejas
1186 3527 1190 3538 '

67 3585 133 3636 urbis
150 3575 316 3652 liberatores.
339 3621 370 3632 -
398 3587 462 3641 Sive
479 3593 507 3641 in
525 3593 652 3648 corrarauni
666 3591 765 3662 paedia
780 3592 875 3660 populi
891 3575 925 3640 il.
944 3591 989 3640 uni
1008 3586 1158 3658 [Ciceroni]

65 3658 284 3723 ¹‘protestabantur¹
303 3681 424 3732 inaquam
432 3661 583 3732 judicium,
602 3664 659 3712 sive
670 3664 775 3733 gratias
792 3664 921 3732 afflabunt,
941 3678 971 3710 eo
985 3661 1078 3729 maias.

117 3727 202 3782 altera
221 3751 282 3798 qua.
319 3733 407 3784 Arcb.
427 3751 461 3784 m.
480 3753 523 3802 pr.
544 3734 618 3785 04¹.
639 3741 756 3800 quatuor
774 3733 862 3800 Lagg.
877 3733 948 3784 Ven.
967 3750 1054 3798 marg.
1068 3731 1159 3798 Naug.

69 3809 163 3860 prave:
192 3803 265 3852 altra
284 3822 370 3870 quam.
408 3804 483 3855 Fam.
502 3805 563 3855 xll
581 3803 620 3856 25
639 3824 699 3872 pr.:
739 3804 845 3854 Literas
870 3803 959 3872 accepi
986 3810 1063 3857 taas.
1091 3819 1158 3868 qaas

69 3865 127 3918 mibi
146 3863 305 3942 Correificins
327 3877 414 3926 altero
438 3877 560 3926 vicesimo
585 3875 629 3926 die
647 3875 773 3926 reddidit.
800 3875 818 3925 i.
837 3894 859 3926 e.
880 3873 1158 3926 vicesimosecundo.

72 3932 125 3989 Lit.
145 3941 192 3992 Ill
216 3945 256 3996 55
308 3947 389 3996 Anno
414 3949 593 3997 trecentesimo
622 3947 725 4004 altero,
753 3963 831 4010 quarn
850 3945 958 3994 condita
979 3945 1065 3994 Roma
1090 3950 1158 3998 arat.

71 4001 125 4060 biv,
149 4013 228 4064 XLV
250 4014 287 4067 92
334 4016 509 4066 Macedonum
535 4015 609 4086 [latria
636 4046 665 4056 -
696 4018 799 4074 amnia,
831 4033 885 4081 qua
911 4015 1053 4078 Rersaram
1075 4031 1159 4082 prope

72 4075 182 4134 inmenso
199 4086 335 4155 imperium
350 4086 457 4155 fuerat,
483 4105 547 4138 sucre
572 4087 683 4138 ditionis
697 4086 770 4155 fecit.
799 4087 920 4154 uvirg.
940 4087 1040 4152 Eclog.
1059 4083 1088 4144 8,
1108 4083 1158 4137 59.

76 4143 266 4218 llor.0d.1v
284 4157 339 4218 14,
359 4157 386 4208 li.
408 4185 439 4196 —
468 4157 595 4227 Hittorp.
618 4159 723 4208 Werd.
750 4158 818 4208 Bar.
841 4157 903 4208 Ert'.
926 4164 1002 4216 sant,
1021 4174 1052 4207 ea
1099 4155 1159 4206 Sed

76 4213 136 4270 Gar.
152 4241 228 4292 pron.
245 4246 294 4288 ea,
321 4247 373 4297 quo
390 4228 520 4280 meliores
536 4229 608 4280 Pall.
626 4229 707 4279 Parr.
721 4226 808 4278 Arcb.
824 4229 892 4280 Bar.
908 4246 968 4280 see¹
982 4227 1051 4278 Oxx.
1069 4224 1158 4294 lagg,
1226 4240 1230 4249 “

77 4285 267 4418 pestitupntnr,
299 4300 438 4372 expunxit.
485 4301 515 4352 A
536 4301 681 4372 plerisque
709 4298 796 4368 lagg.
820 4304 849 4352 et
874 4299 948 4352 051.
975 4297 1053 4348 abest
1076 4297 1158 4350 etiam

94 4377 182 4420 osan.
