2766 5018
299 382 395 472 eno
419 382 455 439 Τ.
482 381 637 438 ANNIO
662 382 852 448 MILONE,
1042 385 1128 464 585

7 553 187 620 voluistis?
214 573 263 612 en
279 561 328 627 ut,
350 553 558 634 inspectante
578 575 629 614 me
649 552 894 636 expellerentur
909 552 947 628 ii,
964 572 1030 634 per
1045 561 1127 640 quos
1228 562 1231 568 '

7 662 110 700 essem
123 635 352 698 restitutus?
395 637 508 699 Nolite
520 647 537 712 ,“
560 638 697 699 obsecro
719 659 800 712 vos,
830 638 919 720 peti,
939 637 1018 698 mihi
1038 659 1128 698 ecer-

7 724 128 784 hierem
146 721 307 780 reditum
322 741 416 794 esse,
441 745 534 805 quam
554 721 653 783 fuerit
670 721 728 782 ille
745 722 817 803 ipse
841 722 1018 782 discessus.
1055 744 1129 782 nem

8 807 62 888 qui
79 827 227 886 possum
247 814 365 884 putere
383 827 432 864 me
451 806 639 866 restitutum
659 827 754 879 esse,
777 805 807 865 si
825 804 990 866 distrahor
1008 803 1130 880 abiis,

7 910 61 971 per
81 909 168 970 quos
194 888 380 950 restitutus
398 889 492 948 sum?

69 972 140 1032 Gur
169 970 387 1054 XXXVIII.
419 970 1008 1052 Utinamdiiimmortalesfeeisseqte
1032 969 1128 1054 (paee

10 1063 71 1127 tua,
91 1057 223 1134 petria,
248 1055 403 1116 dixerim:
426 1064 535 1116 metuo
554 1055 650 1128 enim,
671 1077 711 1116 ne
726 1056 886 1117 scelerate
905 1055 1009 1122 dicem
1028 1057 1062 1116 in
1083 1063 1131 1127 te,

14 1139 92 1220 quud
104 1135 167 1218 pro
182 1137 322 1197 Milone
335 1138 441 1198 dicem
454 1137 550 1220 piet)
564 1139 684 1200 utinam
693 1139 731 1199 P.
745 1139 884 1200 Clodius
896 1162 959 1199 nou
972 1137 1128 1199 modo-vi·
1153 1161 1154 1166 ¹

15 1231 107 1293 reret,
119 1222 186 1302 sed
203 1223 308 1282 etiam
321 1230 463 1302 praetor,
481 1221 609 1294 consul,
627 1221 769 1298 dictetur
787 1231 875 1283 esset
887 1221 1016 1304 potius,
1033 1243 1127 1306 quem

19 1303 75 1363 hoo
88 1303 326 1386 spectaculum
342 1305 497 1364 viderem.
540 1304 570 1363 0
592 1305 638 1364 dii
656 1304 875 1376 immortales!
897 1307 1032 1378 fortem,
1057 1314 1090 1364 et
1107 1296 1195 1366 ..104

22 1387 117 1460 vobis,
139 1389 307 1461 iudices,
338 1388 595 1468 conservandum
613 1388 734 1450 viruml
788 1389 947 1464 Minime,
979 1388 1129 1465 minime,

24 1469 123 1552 iuquit.
158 1474 269 1532 immo
297 1477 376 1533 'vero
398 1492 522 1552 poenes
552 1470 611 1531 ille
642 1472 770 1534 debitas
797 1471 919 1546 luerit3
950 1491 1010 1535 nos
1034 1472 1135 1540 sube-'

22 1575 118 1628 emus,
162 1555 196 1616 ei
218 1555 286 1638 “ita
319 1559 455 1614 neeesse
491 1562 561 1627 est,
599 1576 667 1617 non
702 1556 842 1618 debitus.
874 1597 877 1606 ·
907 1557 1049 1617 Hieeine
1080 1555 1132 1616 vir
1175 1561 1179 1582 ¹

18 1638 132 1716 patriae
156 1646 266 1699 natus
279 1659 478 1721 ,··usquem,
510 1637 575 1697 nisi
594 1637 629 1696 in
645 1639 774 1718 petria,
796 1640 977 1700 morietur?
1001 1648 1076 1712 eut,
1100 1639 1130 1700 si

19 1719 113 1795 forte,
138 1744 205 1803 pro
225 1721 362 1803 petris?
392 1720 561 1781 huiusvos
582 1720 679 1780 enimi
696 1732 902 1783 monumenta
918 1722 1126 1784 retinebitis:
1166 1785 1168 1792 ,

20 1806 158 1884 eorporis
188 1805 227 1866 in
258 1804 358 1865 ltalia
373 1803 496 1865 nullum
516 1802 701 1885 sepulerum
720 1826 793 1865 esse
812 1807 1010 1886 patiemini?
1040 1807 1126 1866 hune

23 1907 70 1949 sue
88 1891 271 1970 quisquam
288 1890 452 1948 sententie
472 1887 584 1948 euhoe
603 1889 682 1946 urhe
705 1887 871 1968 expellet,
904 1911 998 1972 quem
1016 1910 1125 1951 omnes

22 1970 107 2030 nrbes
137 1971 319 2052 expulsum
338 1994 355 2030 e
373 1972 465 2031 vobis
488 1971 529 2030 ed
556 1992 590 2030 se
609 1971 796 2031 vocabunt?
826 1971 879 2030 .0
899 1981 1018 2031 terrem
1036 1971 1194 2032 illamlos

21 2050 162 2129 beatem,
198 2075 287 2136 quae
311 2055 397 2116 hune
426 2055 529 2116 virum
557 2054 744 2134 exceperit:
776 2055 859 2115 hene
888 2055 1067 2134 ingratam,
1098 2055 1128 2114 si

27 2135 168 2199 eiecerite
193 2138 372 2212 miserem,
389 2138 424 2226 'si
447 2135 609 2202 emiserit!
661 2137 728 2197 Sed
744 2137 817 2217 finis
840 2137 902 2200 sit..
916 2159 1023 2221 neque
1042 2138 1129 2200 enim

29 2351 92 2398 quam
108 2344 218 2388 tantam
243 2337 387 2404 importare
403 2338 467 2386 meis
483 2337 667 2406 defensoribus
692 2345 719 2387 et
740 2340 972 2393 conservatoribus
990 2339 1129 2392 calamita·
1230 2334 1232 2342 ’

27 2411 75 2456 ten.
108 2409 157 2458 Αη
174 2426 234 2479 eqo
252 2409 280 2457 in
296 2407 348 2458 bae
363 2408 427 2458 urbe
441 2417 497 2458 es'se
511 2411 625 2478 possim,
650 2409 693 2459 bis
708 2409 813 2478 pulsis,
842 2412 888 2478 qui
902 2428 941 2460 me
957 2407 1036 2480 liujus
1053 2411 1129 2463 urbis
1166 2447 1167 2450 =
1217 2429 1219 2439 ’

28 2487 158 2544 compotem
172 2479 323 2546 ficerunt?

72 2548 262 2614 XXXVIII.
289 2566 357 2617 paee
374 2554 430 2598 tua.
467 2547 552 2599 Tuso.
570 2549 595 2596 V
614 2545 650 2598 ὅτ
680 2545 764 2616 Cujus
782 2549 982 2620 eqojudieium,
1000 2567 1065 2620 poce
1081 2558 1130 2600 tuo

29 2615 141 2678 dixerim,
152 2621 240 2692 loaqe
249 2627 378 2687 outepouo
390 2626 443 2668 tuo.
464 2619 537 2668 Fam.
548 2618 608 2668 Vll
621 2618 671 2669 17:
691 2620 763 2669 Mibi
774 2621 913 2678 interdum,
921 2639 987 2689 paee
998 2630 1045 2672 tua
1054 2620 1118 2671 dixe
1132 2670 1135 2680 ,

30 2688 79 2745 rim,
97 2689 164 2742 levis
181 2693 212 2742 in
224 2691 301 2740 urbis
311 2690 526 2755 urbanitatisque
541 2688 674 2740 desiderio
693 2690 826 2744 videbare.
841 2721 872 2732 -
895 2691 930 2744 In
944 2693 1037 2744 verbis
1051 2709 1129 2760 seqq.

30 2759 160 2826 uulgatum
179 2770 211 2812 ut
232 2768 322 2828 ortum
340 2761 426 2811 traxit
443 2779 475 2811 ex
492 2762 696 2827 compendiaria
714 2763 852 2830 scripture
871 2780 894 2814 v.
912 2765 1029 2821 utinam,
1050 2781 1130 2829 quem

32 2825 102 2880 Perr.
118 2833 144 2884 I.
161 2833 189 2885 ll.
208 2832 241 2883 6.
259 2831 285 2882 7.
304 2830 332 2882 8.
351 2829 438 2886 Areh.
460 2838 576 2898 uterque
598 2833 667 2884 Rev.
691 2832 790 2882 Febrr.
814 2832 888 2884 07³1.
911 2833 979 2884 Gur.
994 2835 1141 2902 plerique

32 2895 215 2968 Legg.Taurr
243 2903 354 2954 iterent.
382 2901 550 2953 Garutouius
571 2911 688 2972 propter·
706 2910 835 2954 mutatum
852 2907 978 2971 syntuxin
996 2924 1011 2954 a
1031 2903 1130 2954 Grem-

31 2974 127 3024 metieis
151 2982 188 3032 τὸ
214 2981 247 3024 ut
270 2992 322 3042 pro
344 2973 445 3024 utinam
463 2975 582 3043 positum
599 2993 657 3026 esse
675 2975 788 3026 censuit.
825 2974 884 3024 Sed
901 2965 1028 3044 et'supra
1046 2974 1129 3026 Porr.

34 3059 50 3112 ὅ
66 3073 90 3116 et
106 3067 133 3120 6,
152 3055 288 3121 exhibent
303 3077 347 3126 ut,
368 3067 461 3120 etheo
475 3070 503 3118 in
519 3070 537 3119 l.
556 3069 621 3126 Par.
637 3069 664 3120 5.
681 3070 742 3120 uti..
912 3114 914 3120 ,

80 3137 101 3204 §-
121 3141 203 3192 104.
231 3142 377 3197 subeamus.
415 3156 441 3207 p.
459 3141 539 3190 domo
555 3137 613 3205 585·
638 3139 724 3201 Quam
740 3139 824 3208 iqitur
840 3137 952 3206 majores
972 3139 1059 3189 nostri
1074 3158 1129 3190 see·

36 3201 119 3259 ieratis
140 3230 171 3261 ae
199 3210 314 3276 nefariis
339 3211 441 3276 ciuibus
464 3212 605 3259 maxisaom
627 3227 739 3276 poenam
764 3210 890 3258 constitui
904 3227 981 3277 posse
1000 3211 1130 3261 arbitrati

35 3285 102 3336 suut,
121 3282 234 3332 eandem
251 3299 298 3351 eqo
316 3282 410 3330 subibo
428 3298 459 3330 ae
475 3281 629 3330 sustinebo?
658 3297 686 3348 p.
702 3278 765 3328 Clu.
783 3277 838 3337 46:
865 3278 907 3328 Ne
924 3281 1000 3331 multi
1016 3299 1130 3349 poenam

36 3349 267 3412 eopittssubirent.
302 3351 336 3400 lu
353 3351 446 3403 verbis
464 3351 606 3404 antecedd.
624 3356 767 3418 receptum
785 3356 840 3401 est:
864 3353 973 3419 potius,
1001 3369 1080 3420 quom
1095 3370 1143 3405 ex.

37 3411 93 3469 Pur.
108 3419 134 3471 6.
152 3423 240 3473 Febr.
256 3421 318 3472 Erf.
337 3424 401 3476 Bar.
421 3422 555 3472 inlocum
574 3422 648 3489 vulg.
667 3429 817 3486 mitequam.

82 3498 142 3550 aut,
160 3495 185 3542 si
202 3493 288 3559 sorte,
304 3511 354 3561 pro
368 3494 483 3560 patria?
512 3492 560 3544 sie
577 3487 826 3562 interpungendum
845 3508 903 3542 esse
924 3496 1018 3542 censet
1034 3491 1127 3542 Mure-

37 3559 75 3605 lut
88 3561 123 3612 V.
140 3563 173 3613 L.
190 3557 264 3613 XVI
282 3562 319 3622 9,
346 3569 393 3623 ut,
415 3558 488 3630 quod
505 3565 647 3630 sequitur,
673 3565 708 3614 sit
723 3581 809 3614 novae
826 3561 934 3630 periodi
952 3561 1127 3630 principium.

39 3622 106 3679 Idem
124 3641 232 3692 monet,
260 3634 387 3686 essehoc
407 3651 490 3700 genus
506 3635 637 3702 loquendi
654 3634 855 3701 Greeeum,1si
872 3633 957 3701 firme.
987 3639 1011 3686 εἰ
1028 3635 1141 3697 seiron*

40 3695 81 3747 sie
97 3705 131 3751 ud
149 3703 185 3770 Q.
204 3704 317 3755 fr.12=
354 3705 493 3773 Intelliqes
509 3706 579 3754 nibil
596 3725 651 3756 esse
667 3723 683 3756 a
699 3725 753 3764 me,
779 3705 831 3755 nisi
848 3703 978 3771 orationis
996 3703 1116 3762 acerbitas

41 3771 84 3817 tem
99 3780 124 3820 et
137 3775 305 3825 iracundiam
321 3783 361 3834 et,
390 3769 413 3825 si
430 3775 518 3841 sorte,
545 3765 762 3827 raro'literorurb
777 3777 915 3825 missarum
931 3772 1127 3843 indiliqentiam
1202 3775 1214 3793 ²

41 3842 221 3904 reprehensam.
259 3845 340 3898 Oret.
357 3847 461 3896 11112
482 3854 570 3898 exte:
608 3847 653 3897 Ex
669 3864 719 3913 quo
738 3864 845 3904 vereor,
873 3863 905 3894 ue
919 3843 989 3894 nibil
1000 3845 1051 3893 ‘sim
1071 3847 1125 3902 tui,

42 3907 85 3988 nisi
98 3909 297 3998 supplosionem'
302 3917 397 3986 pedis,
416 3918 535 3968 imitatus
553 3924 578 3967 et
593 3937 681 3988 pressea
699 3917 828 3982 quaedam
842 3917 941 3972 verba,
960 3923 986 3964 et
1001 3914 1125 3980 aliquem,
1175 3906 1193 3925 ”

43 3991 62 4023 ⁸1
77 3979 158 4046 sorte,
187 3997 289 4038 tuorum.
327 3987 396 4040 Gur.
420 3989 497 4040 addit
520 3989 590 4050 elie,
619 3989 747 4040 similitor
764 3987 947 4052 ἐλλειπτικῶς
965 3987 1074 4053 positu
1101 3986 1127 4034 si

43 4062 166 4116 umquam,
184 4060 208 4108 si
224 4059 293 4122 nibil
312 4058 405 4116 aliud,
425 4061 449 4108 si
464 4059 569 4125 qrsamlo
579 4081 589 4120 ‚¹
618 4068 645 4112 et
660 4060 708 4109 111
727 4061 760 4109 de
778 4057 843 4108 Not.
861 4058 895 4106 D.
915 4057 949 4114 I,
969 4057 1003 4106 ὅς
1041 4055 1125 4124 Spero

44 4122 78 4174 ¹⁰,
95 4127 218 4187 utsolm,
238 4131 300 4180 bene
316 4137 440 4196 paratum
456 4133 554 4182 uenire.
596 4131 659 4180 Tum
676 4128 773 4187 Cotta,
801 4130 826 4178 si
840 4127 986 4176 mehercule
1005 4127 1041 4195 [i.
1060 4144 1083 4176 e.
1102 4127 1126 4176 si
1153 4134 1192 4195 «ᾖ

45 4200 80 4237 ¹¹¹⁰
93 4190 224 4250 Hercules
238 4200 379 4270 juverit]‚
411 4202 498 4268 inquit
518 4201 645 4270 Vellejus.
672 4202 720 4250 ubi
742 4207 833 4250 temen
857 4197 1003 4247 Ileindort'.
1028 4215 1041 4246 e
1064 4198 1123 4247 eod.

47 4253 127 4382 G¹⁰bp
137 4273 255 4339 recepit:
274 4289 332 4321 sum
348 4270 415 4322 rrseb.
450 4272 486 4322 ln
503 4273 572 4324 Bar.
588 4272 751 4324 see-trihus
768 4271 856 4338 Legq.
873 4269 993 4336 legitur.
1012 4267 1036 4316 si
1053 4266 1127 4334 sorte

46 4341 116 4391 Plueu
141 4343 237 4404 patria.
1066 4341 1069 4346 ’

95 4401 156 4460 tos.
189 4411 244 4480 sea
265 4411 337 4484 fisos.
375 4410 430 4480 ou.
455 4409 502 4465 x1
526 4411 563 4471 e,
593 4409 668 4466 ore.
704 4409 764 4464 uu
788 4426 891 4478 qaoque
915 4407 978 4460 mire
1002 4405 1072 4474 fece
1097 4407 1126 4457 e.
1218 4477 1219 4482 .
