2782 5022
369 324 422 384 ru
445 325 478 380 a.
504 321 807 390 assaturam.
1056 324 1141 402 255

48 495 178 584 quadiu
195 491 261 556 lrae
280 515 377 556 eausa
394 493 619 558 veliementior
637 515 730 566 sum,
761 513 829 556 aon
850 493 1022 556 atrocitate
1043 493 1141 556 animi

48 602 187 652 moveor,
211 577 311 662 (quis
329 578 413 638 enim
431 587 482 639 est
502 599 551 638 me
568 577 678 639 mitior
689 576 727 658 l)
750 578 809 638 sed
828 576 986 656 singulari
1003 579 1140 659 quadam

48 664 240 725 humanitate
261 657 537 732 etmiserieordia.
566 660 691 722 Videor
708 659 791 721 enim
801 659 1035 742 mihividere¹)
1055 661 1138 722 hane

47 750 159 818 urbem,
181 744 291 806 luaem
309 746 397 805 orbis
412 752 573 806 'terrarum
590 751 687 828 atque
705 765 810 804 aream
826 743 965 806 omnium
983 745 1138 823 gentium,

48 831 144 892 subito
170 850 237 890 uuo
267 828 419 888 incendio
449 827 696 898 concidentem
731 848 827 888 cerno
853 825 957 887 animo
977 827 1140 906 sepultam

47 913 173 994 patriam
192 911 245 992 2),
269 913 404 972 miseros
429 919 525 992 atque
544 909 728 990 insepultos
753 931 886 982 acervos
908 908 1046 982 civium3
1068 931 1140 970 ver·

47 1005 128 1074 satur
139 993 221 1054 mihi
236 1002 310 1055 ante
326 993 438 1054 oeulos
455 995 630 1075 adspectus
645 992 804 1073 Cethegi,
828 1000 861 1053 et
875 993 965 1054 furor
981 993 1015 1052 in
1030 1002 1140 1054 vestra

50 1071 138 1138 caede
158 1077 365 1139 bacchantis.
397 1077 478 1137 Cum
492 1098 569 1136 vero
587 1074 666 1136 mihi
681 1076 835 1157 proposui
849 1083 1038 1156 regnantem
1053 1076 1137 1136 Len·
1148 1073 1188 1128 12
1260 1107 1263 1118 ι

47 1161 158 1232 tulum,
189 1161 370 1240 sicutipse
391 1181 427 1218 se
450 1179 490 1220 ex
508 1158 584 1220 fatis
603 1180 751 1240 sperasse
773 1159 941 1220 confessus
962 1167 1032 1232 est3
1063 1179 1139 1239 pur·
1338 1184 1345 1214 a

47 1249 183 1324 puratum
206 1265 282 1304 esse
304 1242 389 1304 hune
410 1239 609 1314 Gabinium¹
638 1263 708 1301 eum
730 1242 878 1302 exercitu
901 1242 1030 1328 venisse
1049 1241 1139 1302 cati·
1200 1254 1202 1267 ’
1255 1236 1257 1246 ’

48 1327 150 1386 liram:
172 1334 245 1404 tum
260 1325 522 1386 lamentationem
540 1324 837 1398 matrumfamilias,
867 1332 934 1384 tum
952 1326 1058 1405 fugam
1075 1325 1140 1384 vir·

49 1411 143 1490 ginum
170 1416 272 1490 atque
295 1429 467 1489 puerorum
494 1429 530 1468 ae
551 1407 753 1468 vexationem
776 1406 936 1488 virginum
954 1407 1139 1468 Vestalium

48 1492 273 1572 perhorreseo:
316 1498 370 1564 et,
411 1491 488 1573 quia
517 1490 596 1550 mihi
633 1490 840 1553 vehementer
874 1491 955 1551 haee
986 1492 1139 1552 videntur
1238 1535 1240 1545 ι

49 1577 152 1636 mirera
169 1583 270 1658 atque
288 1575 493 1648 miseranda,
522 1573 647 1634 ideireo
670 1573 705 1632 in
723 1596 803 1649 eos,
835 1571 891 1658 qui
917 1596 954 1635 ea
979 1575 1138 1657 perficere

30 1657 229 1730 -uoluerunt,
263 1680 313 1718 me
340 1679 488 1718 severum
507 1656 793 1738 vehementemque
812 1659 963 1739 praebeo.
1007 1657 1139 1720 Etenim

52 1763 176 1822 quaero,
212 1739 242 1800 si
269 1741 341 1822 quis
369 1741 619 1820 paterfamilias,
650 1737 765 1799 liberis
785 1743 852 1800 suis
875 1764 893 1800 a
922 1761 1016 1800 servo
1037 1741 1140 1801 inter-

52 1824 152 1898 iectis,
181 1823 285 1884 uxore
304 1823 435 1896 occisa,
465 1818 730 1896 ineensadomo,
754 1823 950 1905 supplicium
972 1823 1011 1882 de
1033 1824 1138 1884 servis

58 1929 130 1986 quam
169 1907 415 1967 acerbissimum
433 1906 460 1987 ³)
500 1905 671 1966 sumserit:
713 1913 818 1965 utrum
853 1906 881 1966 is
918 1906 1059 1966 clemens
1101 1929 1139 1966 ae

95 2039 121 2105 1)
137 2029 295 2162 mihihhaua
309 2040 372 2092 urb.
388 2041 492 2094 videre.
524 2039 555 2108 a)
572 2037 681 2110 sepulta
697 2041 728 2092 in
744 2040 846 2112 patria.
882 2039 913 2114 a)
933 2041 967 2092 de
981 2042 1069 2094 servis
1083 2019 1139 2094 uon

55 2125 117 2175 pam
132 2129 199 2163 aeer
223 2150 229 2164 .
442 2121 444 2128 ’
829 2130 831 2134 ·

52 2197 392 2216 5——

53 2231 89 2284 lta
104 2237 165 2288 mihi
183 2239 252 2289 deos
271 2257 356 2290 omues
372 2241 505 2311 propitios
523 2259 579 2294 esse
597 2242 691 2300 aelim,
710 2248 756 2300 ut,
775 2241 881 2292 tametsi
894 2240 962 2292 'mihi
972 2237 1138 2311 jusandtssts

53 2321 96 2354 aas
119 2315 158 2358 est
182 2310 270 2360 homos
294 2311 403 2380 papali,
436 2319 523 2364 tamen
548 2331 722 2381 nequaquam
740 2319 843 2362 tautum
869 2313 945 2381 capio
971 2311 1137 2379 voluptatis,

53 2385 163 2438 quautam
187 2381 385 2434 sollicitudinis
411 2390 438 2432 et
462 2383 573 2435 laboris.
609 2385 684 2434 Fam.
703 2384 731 2434 X
749 2382 786 2434 92
829 2382 874 2433 lta
893 2385 926 2433 ab
945 2383 1137 2433 imminentibus

53 2447 118 2496 aulis
135 2468 208 2520 resp.¹
222 2451 370 2513 liberetur,
397 2455 436 2503 sie
461 2454 574 2505 honores
592 2455 764 2524 praemiaque
781 2463 872 2504 uestra
890 2453 1022 2522 auspicio,
1050 2450 1147 2518 conseri

53 2517 124 2567 made
149 2529 220 2572 eerte
250 2541 307 2573 aum
331 2524 547 2584 immortalitate,
581 2534 612 2575 at
642 2527 700 2576 siue
730 2524 772 2574 his
805 2524 876 2574 nihil
903 2524 939 2577 ale
966 2542 1021 2574 meo
1047 2523 1137 2574 studio

51 2595 291 2659 perseuerantiaque
317 2595 367 2644 sim
393 2596 558 2646 remissurus.
595 2597 631 2645 ad
655 2614 689 2665 q:
706 2595 725 2646 l.
753 2594 891 2648 Graevius
913 2602 1028 2664 praeter
1050 2600 1137 2662 nostr.
1239 2644 1241 2648 .

55 2664 386 2786 ΒοωὶξῗέἒῖοῈΪ-ωυίἷίίευὶρ
401 2666 659 2802 llida‘hidhltidldlng
676 2765 707 2776 -
724 2715 885 2804 praeposita
902 2737 1034 2804 quaedam
1048 2735 1138 2786 forma

54 2809 142 2861 rerum,
167 2805 207 2856 ita
228 2823 359 2874 expressa
375 2806 486 2866 verbis,
512 2814 542 2859 ut
558 2809 633 2858 cerni
648 2809 740 2875 potius
758 2809 900 2866 videatur,
929 2825 1008 2875 quam
1025 2805 1152 2860 audiri,¹

56 2873 164 2932 quanorl
181 2877 271 2926 solum
290 2879 449 2944 quaefacta
466 2879 520 2928 sint
543 2885 590 2929 aut
607 2878 689 2938 liant,
717 2880 766 2928 sed
781 2879 862 2930 etiam
879 2895 948 2945 quae
971 2878 1064 2929 futura
1083 2875 1141 2926 sint
1246 2871 1249 2878 ’

55 2945 94 2988 aut
107 2941 195 2995 lutura
211 2948 334 3007 tuerint,
353 2949 551 3016 imaginamur,
571 2978 601 2988 -
628 2951 788 3000 laudatura
803 2950 940 2999 Martiano
958 2947 1082 3015 Capella
1102 2945 1136 2995 de

57 3004 230 3070 commotione
259 3019 408 3074 animorum
428 3037 491 3088 pag.
514 3017 583 3071 495.
609 3020 682 3070 inter
705 3021 846 3090 exempla.
873 3020 901 3068 in
924 3017 1024 3086 quibus
1049 3022 1137 3066 metus

56 3083 176 3134 excitatur
198 3089 384 3140 communibus
409 3091 551 3158 perieulis.
587 3091 703 3140 Mollior
721 3098 802 3158 atque
822 3089 1005 3141 verecundior
1019 3087 1052 3139 fit
1068 3087 1137 3138 haee

56 3147 315 3242 flaurapraepositis
339 3161 456 3213 talibus:
493 3162 590 3213 Videre
619 3161 728 3222 videor,
762 3161 807 3216 vel
827 3159 935 3210 Credite
957 3176 1004 3209 aas
1029 3162 1137 3212 intueri.

56 3225 905 3374 assuisse·..uaaava.aas
922 3235 1138 3356 auxta.

52 3379 102 3428 μνη
117 3369 181 3419 diem
199 3373 284 3429 illam,
304 3391 382 3440 quum
399 3374 442 3424 hie
461 3394 538 3445 egeas
554 3375 695 3444 Profugiet
711 3375 802 3442 aliquo
817 3367 968 3428 militatum.
994 3376 1038 3427 Ex
1052 3377 1137 3426 Mart.
1245 3393 1248 3401 ’

59 3431 162 3502 (lapella
181 3449 209 3493 et
227 3443 336 3494 Erfurt.
361 3439 512 3514 repositum
536 3452 594 3496 est:
622 3445 712 3496 videre
730 3446 798 3511 hane
822 3447 929 3508 uarbem3
956 3449 997 3498 uti
1020 3463 1083 3498 mox
1104 3463 1137 3498 ex

59 3507 109 3587 eod.
126 3509 185 3562 Eri.
206 3511 279 3564 051.
302 3513 417 3566 Graevii
434 3517 524 3585 primo
543 3517 641 3566 Duirh.
661 3517 747 3568 Barh.
768 3518 828 3568 edd.
849 3523 915 3569 vett.
943 3517 1073 3586 sepultam
1086 3534 1157 3585 pa-v

59 3579 135 3657 irtam,
153 3597 229 3648 qnam
249 3585 396 3636 lectionem
416 3589 497 3638 etiam
513 3589 673 3656 Anonymus
691 3589 765 3638 tueri
783 3589 903 3648 videtur,
920 3587 1027 3657 sepulta
1044 3589 1073 3638 ia
1087 3603 1137 3657 pa·
1186 3625 1188 3631 -

59 3649 127 3697 huam
142 3651 276 3705 exhibens.
447 3703 449 3712 g
808 3716 809 3724 ἵ

104 3717 124 3785 ξ.
143 3721 187 3777 lh.
209 3733 401 3794 pur-paratam.
439 3727 597 3795 satagam
616 3734 802 3795 praetextam,
823 3745 877 3795 qua
895 3728 1037 3786 eonsules,
1057 3743 1136 3796 prae·

61 3787 138 3848 “³⁸⁸2
157 3801 183 3844 et
201 3802 347 3865 praeterea
365 3797 530 3865 pontiliaco,
558 3793 691 3866 augures,
719 3799 866 3850 decemviri
886 3800 972 3850 saeris
990 3799 1136 3858 faciundis,

61 3859 130 3920 atque
155 3866 256 3930 privati
280 3869 308 3916 in
335 3868 447 3918 edendis
473 3868 546 3936 ludig
572 3869 738 3929 utebantur,
766 3868 817 3920 huc
844 3869 985 3936 epitheton
1010 3869 1138 3920 referunt

61 3918 170 3986 Muretus
188 3944 215 3988 et
229 3937 378 3998 Manutius,
398 3939 472 4006 quod
489 3939 555 3988 mihi
573 3957 633 3990 eum
649 3940 793 4007 Arranymo
812 3939 906 4007 potius
924 3941 958 3992 de
976 3941 1139 4010 purpuratis

63 4007 143 4061 'etum
159 4007 201 4056 vel
219 4015 397 4075 tyrannorum
416 4009 584 4060 satellitibus
603 4005 812 4078 intelligendum
829 4011 947 4062 videtur.
985 4011 1067 4064 Gurt.
1086 4011 1137 4062 111
1225 4019 1228 4024 '

88 4068 161 4152 ‚ltl's
193 4079 354 4147 Purpuratis
379 4080 462 4134 solita
482 4081 604 4149 vanitate
625 4091 697 4149 'spem
716 4080 771 4149 ejus
794 4079 967 4150 inflantibus,
996 4099 1137 4132 eonversus
1229 4124 1233 4132 .

64 4132 94 4182 ad
110 4137 282 4198 tharidemam
297 4149 485 4200 Atheniensem
497 4153 652 4218 percantari
670 4152 755 4219 caepit
773 4150 924 4219 [Darius]
961 4151 996 4212 8,
1017 4152 1049 4203 δι
1083 4151 1148 4200 Mt„

65 4215 104 4252 ”ts
118 4208 161 4262 hue
176 4221 248 4288 regi,
276 4237 354 4286 quam
373 4223 530 4288 purpuratis
553 4222 609 4291 ‹g‘us
627 4221 794 4290 displicebat.
829 4239 855 4273 v.
870 4221 939 4272 ibid.
966 4223 988 4292 5.
1008 4221 1055 4274 tt.
1087 4221 1138 4274 111

67 4267 96 4330 ὅ·
113 4277 153 4331 ¹8.
184 4287 284 4342 aaron.
302 4290 364 4342 x11
377 4290 405 4342 a.
430 4290 490 4343 mv.
508 4292 595 4343 xxx
611 4290 661 4343 aa.
689 4292 760 4342 Hor.
781 4289 836 4342 aa.
854 4291 871 4342 1
889 4291 938 4343 aa.

106 4346 227 4414 &aava
242 4377 321 4429 quam
337 4363 541 4415 marturinam.
577 4363 624 4416 Ita
650 4363 726 4414 edidi
748 4377 782 4414 ex
803 4361 866 4416 aar.
890 4362 1031 4432 plerisque
1055 4360 1136 4414 Parr.
