2824 5018
217 317 303 401 553
604 312 934 370 enarro

159 561 162 568 ,
218 492 294 550 rant
306 483 371 548 sibi
383 479 541 562 Silanum,
554 481 676 547 clarum
684 481 800 558 virum,
808 481 881 545 sine
895 482 1034 566 collega,
1047 491 1081 547 te
1090 483 1162 548 siue
1171 486 1329 566 consule,

169 567 451 651 85rcmpnblicsm
477 566 548 629 sine
576 566 743 651 pracsidio
770 566 872 628 obiici
899 589 1012 650 posse.
1060 567 1126 629 His
1154 571 1252 632 tantis
1284 574 1328 632 in

163 719 166 724 ,
217 653 330 730 rebus,
350 652 518 735 tantisque
538 651 573 712 in
594 649 765 733 periculis,
788 657 839 712 est
863 660 964 724 tuum,
989 649 1036 712 Μ.
1061 651 1160 726 Cato,
1182 653 1326 738 quinon

217 735 314 810 mibi,
343 757 410 796 non
427 735 508 810 tibi,
537 735 596 798 scd
615 733 741 815 patriae
758 742 854 795 natus
872 755 926 809 cs,
958 735 1167 818 videtequid
1189 745 1327 816 agatur,

216 819 361 882 retinere
381 817 576 890 adiutorem,
599 817 815 892 defensorem,
838 817 962 879 socium
980 818 1016 877 in
1036 818 1219 900 republica,
1241 843 1327 883 con-

218 902 322 966 sulem
339 923 406 966 non
427 902 599 982 cupidum,
631 899 799 971 consulem
820 901 934 986 (quod
953 901 1088 962 maxime
1108 911 1236 984 tempus
1257 902 1327 964 boc

216 983 388 1070 postulat)
421 985 554 1046 fortuna
591 983 806 1064 constitutum
844 984 886 1043 ad
916 983 1164 1066 amplexandum
1202 985 1323 1060 otium3

218 1069 372 1142 scientie,
395 1068 436 1128 ud
452 1067 574 1130 bellum
589 1067 784 1150 gerendum}
807 1065 912 1130 animo
929 1075 962 1128 et
977 1090 1050 1146 usu,
1073 1069 1115 1129 ad
1129 1069 1222 1154 quod
1234 1067 1319 1130 velis

216 1173 258 1216 ne
283 1152 393 1214 otium.

261 1173 359 1298 g(lar.
383 1230 547 1296 XXXIX.
589 1234 790 1318 Quamquam
813 1229 950 1296 buiusce
973 1233 1022 1296 rei
1041 1240 1192 1318 potestas
1216 1233 1324 1296 omnis

216 1317 363 1380 i'nvobis
383 1318 448 1379 sita
466 1325 537 1391 est,
567 1317 714 1378 iudices:
748 1325 849 1379 tntum
869 1316 1101 1398 rempublicam
1120 1339 1178 1379 vos
1202 1317 1241 1378 in
1264 1317 1326 1380 bac

219 1423 318 1463 causa
331 1402 467 1474 tenetis,
490 1421 546 1462 vos
564 1402 763 1482 gubernatis.
805 1400 843 1462 Si
858 1400 897 1462 L.
919 1399 1064 1462 Catilina
1079 1423 1150 1460 cum
1164 1421 1230 1461 suo
1249 1424 1326 1464 con·

217 1484 295 1546 silio
319 1484 516 1546 nefariorum
534 1482 719 1558 bominum,
742 1505 823 1568 quos
842 1499 956 1545 'secum
977 1485 1110 1555 eduxit,
1132 1483 1196 1544 bac
1223 1484 1271 1546 dc
1292 1509 1322 1546 rc

216 1575 333 1652 posset
355 1568 521 1640 iudicare,
554 1567 782 1630 condemnaret
803 1568 841 1632 L.
866 1567 1056 1634 Murenams.
1081 1566 1109 1628 si
1129 1567 1316 1629 interlicere

215 1659 346 1735 posset,
367 1651 546 1722 occideret.
589 1651 713 1714 Petunt
731 1649 816 1712 enim
835 1650 978 1714 rationes
1000 1651 1103 1725 illius,
1124 1660 1162 1712 ut
1185 1653 1322 1712 orbetur

217 1733 341 1797 auxilio
359 1734 563 1818 respublicas
601 1744 637 1797 ut
666 1734 828 1796 minuatur·
839 1737 963 1797 ‘contra
983 1755 1074 1795 suurn
1094 1735 1243 1796 furorem
1268 1736 1323 1796 im-

215 1827 405 1901 peratorum
429 1817 541 1900 copia:
572 1827 608 1880 nt
620 1818 721 1880 maior
743 1817 883 1880 facrdtas
903 1817 1044 1879 tribunis
1066 1817 1174 1900 plebis
1204 1819 1321 1893 detur,

204 1901 356 1983 ¹depulso
378 1900 584 1976 edversario,
620 1899 794 1962 seditionis
820 1925 857 1964 ac
880 1899 1065 1968 discordiae
1089 1901 1320 1964 concitandae.

171 2008 174 2013 ·
215 1983 352 2048 Idemnc
367 1986 469 2066 igitur
487 1983 609 2056 delecti
624 1983 833 2068 amplissimis
851 2008 892 2047 ex
906 1983 1321 2050 ordinibusbonestissirni

217 2076 315 2152 atque
339 2067 575 2152 sapientissimi
592 2068 656 2130 viri
675 2065 902 2152 iudicabunt,'
921 2070 1013 2153 quod
1027 2069 1083 2130 ille
1105 2068 1318 2151 importunis-

96 2224 98 2230 Υ
166 2151 208 2210 84
218 2151 316 2214 simus
330 2153 506 2234 gladiator,
526 2152 633 2226 bostis
645 2142 847 2236 reipublicae
862 2153 1058 2214 iudicarctl.
1072 2152 1159 2216 Mihi
1174 2153 1317 2228 credite,

214 2235 363 2310 iudices,
394 2235 511 2298 iubae
533 2237 841 2299 causandusolum
863 2236 962 2297 deL.
993 2236 1170 2309 Murenae,
1208 2236 1321 2298 verum'

216 2319 316 2381 etiarn
341 2321 382 2382 dc
408 2328 519 2402 restra
545 2320 651 2382 salutc
675 2319 871 2380 sententiam
898 2319 1038 2400 seretis„
1072 2319 1114 2380 ln
1138 2319 1322 2382 discrimen

216 2411 394 2467 extremum
407 2404 571 2464 venimus:
595 2403 680 2464 nibil
694 2412 746 2464 cst
759 2403 823 2464 iam
832 2447 852 2478 ,‚
865 2403 951 2464 unde
968 2425 1026 2466 uos
1041 2403 1240 2481 reficiamus,
1264 2411 1322 2464 aut

167 2541 169 2547 .
214 2485 274 2548 ubi
290 2485 377 2568 lapsi
392 2488 593 2549 resistamus.
615 2509 681 2549 non
696 2485 800 2550 solum
815 2487 989 2548 minuenda
1004 2508 1070 2548 uon
1085 2496 1163 2549 sunt
1178 2487 1318 2558 auxilia,

216 2590 300 2653 quae
317 2568 485 2649 babemus,
507 2571 567 2632 sed
584 2571 681 2632 etiam
698 2593 795 2643 nova,
810 2571 846 2646 si
861 2571 934 2631 ficri
948 2570 1067 2654 possit,
1089 2571 1320 2652 comparanda.

214 2651 323 2714 bostis
349 2661 401 2714 est
429 2653 513 2713 euim
538 2676 604 2716 non
631 2655 718 2735 apud
744 2653 923 2728 Anienem,
956 2655 1044 2738 quod
1069 2655 1159 2715 bello
1187 2654 1312 2718 Punico

164 2757 166 2762 ’
216 2737 441 2818 gravismmum
467 2737 572 2797 uisum
599 2745 670 2810 est,
698 2737 812 2799 sedin
835 2738 931 2812 urbe,
952 2738 988 2797 in
1010 2738 1080 2800 soro
1099 2737 1172 2822 (dii
1189 2737 1310 2798 immur-

216 2819 322 2882 talcs!
352 2820 425 2882 sinc
448 2819 570 2902 gemitu
590 2819 653 2881 boc
672 2819 739 2881 dici
760 2842 826 2881 non
844 2819 999 2902 potest):‚
1015 2843 1082 2881 non
1102 2843 1199 2882 nemo
1224 2820 1318 2882 etiam

216 2903 253 2963 in
274 2903 334 2965 illo
358 2904 500 2971 sacrario
523 2902 746 2984 reipubl-icae,
778 2903 813 2962 in
833 2904 923 2986 ipsa,
955 2903 1103 2986 inquam,
1135 2903 1234 2965 curia
1255 2925 1321 2964 non

216 3008 311 3048 nemo
334 2986 439 3070 bostis
463 2994 524 3048 cst.
568 2985 625 3048 Dii
646 2987 768 3061 faxint,
799 2995 834 3054 ut
854 3009 942 3048 meus
964 2986 1109 3067 collega,
1138 2987 1190 3048 vir
1208 2987 1322 3048 fortis-

217 3069 331 3150 simus,
344 3069 406 3131 boc
417 3071 583 3132 Catilinae
596 3070 753 3140 nefarium
762 3070 972 3132 latrocinium
984 3078 1122 3132 armatus
1136 3071 1322 3153 opprimat!

218 3174 278 3235 effu
308 3145 458 3234 togatus,
493 3153 587 3215 vobis
616 3153 777 3238 bonisque
804 3154 951 3216 omnibus
981 3153 1210 3229 adiutoribus,
1245 3154 1324 3228 hnc,

269 3345 410 3396 XXXIX.
446 3347 550 3397 tenetis.
575 3345 735 3398 Incendent
752 3348 914 3399 seutentiam
929 3347 1073 3416 p.Flacco
1088 3345 1144 3398 582
1181 3345 1243 3396 ssa
1256 3345 1322 3416 quid

216 3433 265 3485 epo
281 3415 313 3467 de
332 3415 453 3484 epistolis
469 3415 589 3470 falcidis
605 3417 706 3468 tarrrdc'u
721 3418 837 3486 disputo,
854 3418 886 3468 dc
898 3420 987 3470 salute
1001 3419 1114 3469 onmium
1129 3425 1273 3477 nostrum,
1295 3419 1320 3469 de

214 3485 333 3555 fortunis
347 3487 483 3548 civitctis,
509 3486 666 3538 desummo
688 3489 754 3559 reip.
771 3496 864 3546 taceo,
891 3506 969 3554 quam
988 3507 1036 3540 uos
1053 3489 1205 3539 universam
1226 3490 1257 3538 in
1276 3489 1324 3540 boc

207 3557 315 3628 judicio
330 3558 427 3608 vestris
443 3557 576 3625 lampenis,
602 3560 713 3618 vestris,
740 3559 863 3626 inquam,
880 3556 1008 3618 bumcris,
1030 3559 1141 3624 iudices,
1158 3556 1323 3611 sustinetis?

217 3657 250 3670 -
270 3626 303 3678 St
320 3626 352 3678 L.
370 3626 501 3682 Catilina.
538 3627 676 3696 Quintil
693 3628 749 3689 10,
768 3629 817 3682 99.
838 3631 872 3682 dc
884 3633 1067 3698 argumentis,
1112 3648 1163 3681 une
1179 3630 1323 3682 nlictione

217 3699 372 3751 ducuntur-2
409 3698 512 3751 Eadem
531 3700 607 3772 fictio
632 3698 707 3750 valet
729 3707 756 3751 et
777 3701 813 3753 ad
837 3702 1001 3775 qualitates,
1026 3647 1111 3757 sili

217 3767 253 3820 Μ
256 3787 404 3825 urenam.

270 3842 396 3890 rationes.
424 3839 531 3890 Eodem
545 3857 626 3892 sensu
641 3841 669 3891 in
687 3840 773 3904 Vos-r.
787 3838 888 3907 vols
905 3859 958 3892 soon
973 3848 1013 3892 est
1027 3841 1144 3892 alienum
1155 3842 1221 3892 meis
1237 3842 1322 3892 rutic-

215 3912 303 3967 sibus.
338 3909 747 3964 v.So11.cat.4det56.-
773 3911 845 3982 apud
861 3912 997 3964 Anienem.
1026 3911 1127 3981 Polyb.
1140 3910 1219 3964 lxo
1237 3909 1323 3968 citra

213 3983 286 4039 Τῶν
309 3982 339 4036 ἐν
364 3987 401 4054 τῇ
421 3981 516 4079 ‘Pupp
536 3993 605 4050 ταῖς
625 3981 775 4050 διανοίαις
798 3987 860 4056 περὶ
883 3986 938 4048 τὴν
958 3985 1087 4050 Καπύην
1111 3987 1165 4038 καὶ
1191 3987 1248 4050 τὰς
1264 3985 1326 4040 ἐκεῖ

214 4049 332 4126 πράξεις
345 4050 456 4138 ὄντων)
485 4051 615 4121 Ancillae
631 4050 721 4110 ἔλαθε
735 4051 841 4120 διαβὰς
855 4057 908 4108 τὸν
923 4051 1071 4124 ’Arsinna
1089 4059 1231 4122 ποταμὸν
1241 4082 1259 4126 ,-
1270 4058 1326 4109 καὶ

216 4121 400 4196 obversione,
432 4123 505 4180 os'ocs
530 4127 571 4196 μὴ
593 4122 697 4180 πλεῖον
714 4125 938 4194 τετταράκοντα
956 4121 1085 4179 σταδίων
1103 4125 1247 4192 ἀποσχὼν
1270 4128 1326 4188 τῆς

214 4192 341 4267 Ῥώμης,
367 4193 551 4257 ποιήσασθαι
574 4197 629 4260 τήν
648 4191 846 4268 παρεμβολὴν.
884 4212 908 4245 c.
925 4212 952 4244 u.
970 4211 994 4244 c.
1011 4193 1080 4246 545.
1099 4211 1123 4247 v.
1140 4195 1202 4245 Liv.
1219 4193 1326 4244 XXVI

217 4261 257 4324 10
260 4281 348 4386 3quq.
377 4272 406 4316 et
428 4264 465 4316 ad
485 4265 573 4318 verba
594 4281 671 4335 seqq.
697 4261 1037 4326 sa11.Gst.56.bu.5⁷.
1065 4263 1242 4318 Ciclcat.
1260 4261 1323 4333 §.b

216 4340 245 4386 ct
302 4371 310 4386 .

1116 3700 1263 3752 catilina
1293 3729 1323 3741 -
