2802 5028
319 419 321 423 ,
355 385 408 444 ra
434 389 467 442 n.
496 388 794 445 carantanas.
1055 395 1137 473 {6⁷

57 578 150 620 onnes
166 578 274 618 seeum
290 550 364 618 anai
380 557 492 639 copias
508 557 694 620 eduxisset!
717 559 905 640 Tongilium
917 561 996 624 mibi
1013 551 1138 637 eduxit,

56 661 248 722 qnemramare
257 639 292 699 in
304 649 475 720 praetexta
494 640 684 726 [calumnia]
700 652 870 724 coeperat:
900 644 1086 708 Publicium
1103 654 1139 707 et

54 725 243 797 Munatium,
266 747 400 806 qnorum
419 741 473 784 aes
491 724 630 786 alienum
647 733 849 788 contractum
869 728 903 787 in
925 730 1046 810 popina
1066 729 1140 790 nul-

55 808 109 867 lum
121 801 320 889 reipublicae
336 815 456 868 motum
472 809 585 870 afferre
599 818 746 890 poterat:
769 811 905 892 reliquit
948 835 1005 878 uos
1024 813 1111 874 viros
1122 815 1138 877 ‘l

56 899 253 974 quantoteere
273 890 379 952 alieno
394 889 445 974 ³)'2
468 895 562 974 quam
584 892 757 954 valentes?
781 917 874 977 quam
892 836 1047 956 nobiles?

64 987 66 993 '
106 972 269 1035 cavalll.
312 974 430 1057 ltaque
454 991 514 1056 ego
535 975 626 1036 illurn
647 977 848 1050 exercitum,
894 986 926 1038 et
955 977 1137 1041 Gallicanis
1183 983 1186 990 ’

54 1057 243 1136 legionibus,
275 1066 307 1118 et
326 1057 388 1118 boe
416 1058 568 1132 delectu,
602 1081 696 1142 quem
714 1061 750 1120 in
767 1083 843 1142 agro
860 1061 985 1122 Piceno
1008 1070 1041 1123 et
1061 1062 1139 1123 Gal-

55 1141 108 1200 lico
129 1141 166 1217 Q.
186 1139 344 1201 Metellus
367 1140 499 1216 habuit,
529 1150 562 1202 et
582 1141 632 1202 bis
650 1144 774 1226 copiis,
808 1166 890 1228 quae
915 1145 1043 1206 anobis
1060 1168 1139 1229 qno-

55 1225 400 1304 tidie·comparentur,
435 1238 629 1306 magnopere
661 1235 855 1302 contemno,
891 1229 1065 1290 collectum
1101 1251 1141 1288 ex

56 1307 170 1367 senibus
192 1307 398 1388 desperetis,
430 1329 471 1369 ex
487 1309 608 1390 agresti
626 1309 772 1387 luxuria,
806 1332 847 1371 ex
867 1312 1000 1374 rusticis
1024 1313 1141 1374 decoe-

1042 1450 1138 1469 naun-q-

98 1514 123 1580 l)
141 1514 229 1565 alieno
245 1531 319 1570 uere.

57 1635 365 1652 ·--------·------νι

59 1731 154 1782 Graevii
170 1732 277 1799 primos
296 1731 342 1796 qai
357 1727 438 1781 eliada
453 1732 559 1782 moleste
576 1731 634 1800 fero
651 1731 796 1802 praebent.
815 1741 851 1792 τὸ
867 1737 913 1802 qul
926 1737 1048 1788 retinent
1059 1753 1130 1806 prae
1201 1761 1204 1768 ¹

59 1808 119 1852 terea
134 1803 213 1852 Parc.
236 1801 264 1853 l.
281 1801 309 1851 ὅ.
326 1801 353 1852 ii.
372 1800 398 1852 ⁷.
416 1802 443 1852 8.
464 1804 533 1874 Tcg.
548 1803 608 1852 Ern.
625 1804 713 1854 Anah.
897 1809 899 1816 “

99 1891 179 1923 aurare
197 1901 229 1912 -·
249 1879 379 1941 coeperat.
406 1873 511 1923 Vocem
528 1875 660 1924 calarauia
674 1882 705 1926 nt
720 1874 838 1925 alienam
856 1866 968 1927 rustdlit
981 1876 1140 1938 Lambinus,
1219 1891 1220 1900 ¹

17 1973 19 1979 ·
64 1941 146 1994 ildinus
164 1950 274 1994 anterus
294 1960 398 1992 armare
414 1945 442 1992 ia
453 1953 541 2010 praet.
559 1946 692 1994 calumnia
705 1946 850 2012 legendum
870 1963 929 1997 esse
950 1956 1052 1998 censet.
1079 1949 1141 1998 Alii

66 2013 267 2083 aliseonjecere.
304 2013 348 2064 Ex
365 2015 432 2066 meis
448 2015 513 2064 Par.
528 2015 564 2064 7:
585 2033 674 2088 'quern
691 2030 780 2065 aruare
803 2025 925 2084 coeperat
946 2019 974 2067 iu
989 2011 1141 2085 ,praetexta

65 2084 207 2154 tabupaia3
240 2083 263 2136 4
288 2091 316 2135 et
337 2083 373 2136 9:
392 2103 484 2150 ,quaem
510 2103 600 2134 amare
621 2087 650 2135 ia
671 2093 816 2152 praetexta
841 2085 964 2138 Catilina
988 2089 1140 2156 calumpnia

63 2153 131 2204 educit
148 2161 265 2225 ceperat.
286 2156 319 2206 dc
337 2153 356 2205 6
373 2154 505 2218 etlinun
522 2157 619 2224 liquet.
652 2155 751 2224 ltaque
771 2175 822 2226 ego
838 2175 932 2210 rocem
951 2179 967 2209 a
986 2160 1140 2228 glossatore

59 2227 193 2293 prolectam
209 2227 318 2278 uncinis
335 2226 450 2276 natavi*
807 2267 810 2279 ,
881 2257 887 2274 .
923 2237 927 2242 '

99 2298 123 2346 iu
135 2301 246 2367 popina.
269 2295 333 2348 'sic
359 2297 439 2347 codd.
465 2297 589 2347 melioris
613 2302 704 2348 notae.
740 2295 784 2348 At
800 2298 887 2348 Barb.
906 2297 979 2350 05¹.
996 2315 1056 2349 cum
1077 2300 1140 2349 cdd.

59 2372 110 2418 vett.
133 2370 159 2418 ia
180 2370 326 2438 popinam
354 2368 537 2435 probantibus
553 2363 622 2417 Gaia.
647 2373 675 2418 et
692 2366 781 2418 Goer.
796 2369 832 2417 ad
850 2367 910 2419 cic.
932 2371 965 2419 dc
987 2369 1074 2436 Legg.
1091 2369 1142 2418 llI

60 2436 88 2485 ll
102 2456 139 2506 pr.
164 2441 240 2507 qnod
257 2439 427 2506 praepositio
446 2441 474 2490 iu
499 2438 656 2505 saepissime
679 2438 760 2490 finem
781 2446 813 2490 'et
841 2441 984 2490 consilinm
1012 2442 1140 2500 denotet,

58 2507 188 2576 ubirulgo
207 2510 245 2560 ad
260 2516 387 2579 ponatur.
424 2510 485 2560 Sed
502 2527 527 2560 v.
546 2515 602 2559 not.
620 2509 657 2558 ud
674 2526 715 2560 or.
731 2528 760 2578 p.
777 2509 908 2560 l:ll1anil.
928 2529 991 2580 pag.
1011 2510 1086 2570 107,
1115 2517 1142 2562 et

57 2577 79 2626 iu
91 2597 143 2628 rem
157 2583 231 2632 infra
251 2599 310 2650 cup.
328 2579 391 2631 liet
410 2579 457 2631 10.
478 2578 549 2630 Sall.
567 2578 630 2629 (lat.
651 2579 697 2630 14.
867 2603 869 2606 ·

98 2653 203 2708 nobiles.
238 2652 365 2704 Additur
382 2652 410 2702 in
427 2651 623 2718 vulgatisvel:
642 2665 689 2700 aas
705 2650 803 2701 uidetis
822 2669 853 2700 ex
865 2651 934 2700 odd.
954 2651 1033 2702 Rom.
1052 2651 1142 2702 Vena.

57 2719 106 2771 rel:
126 2739 187 2788 quos
204 2722 304 2774 violetis
318 2739 350 2772 ex
364 2720 497 2789 Arcbiep.
514 2735 549 2772 m'.
565 2739 620 2773 see.
640 2721 698 2772 Sed
715 2728 791 2773 recte
810 2719 879 2772 istac
897 2739 978 2773 voces
996 2722 1093 2772 absunt
1108 2724 1141 2771 ab

58 2793 164 2844 omuibus
185 2797 274 2856 Banu.
297 2793 377 2844 Pars.
404 2791 524 2844 Graevv.
547 2792 634 2842 Barla.
663 2809 731 2860 qnae
754 2794 862 2860 quidem
881 2799 937 2842 turn
953 2793 1017 2844 addi
1036 2794 1141 2851 solent,

58 2865 221 2934 cumiiipsi,
251 2865 297 2932 qui
313 2863 520 2931 significantur,
547 2865 576 2912 iu
593 2865 723 2926 concione
741 2866 786 2915 vel
805 2864 952 2932 injudicio
969 2859 1084 2922 odiunt,
1113 2871 1143 2914 ut

56 2931 169 2986 iuver-r.
183 2937 235 2988 III
252 2936 288 2987 s:
318 2935 444 3003 Princeps
463 2943 523 2984 erat
541 2935 574 2996 Q.
590 2934 637 2984 ille
651 2935 805 3002 Apronius,
825 2952 899 3000 precra
915 2933 1021 2983 videtis.
1046 2932 1141 2983 des

58 3002 140 3054 Patres
158 3007 201 3065 lsi,
221 3024 287 3074 quos
305 3005 418 3064 vidctis,
430 3005 561 3074 jacebant
580 3005 609 3054 ia
625 3006 723 3056 limiae.

100 3075 154 3128 Ill.
189 3086 216 3128 et
225 3076 379 3130 Gallicanis
390 3075 546 3145 legionibus.
565 3077 611 3126 Itu
620 3076 744 3126 Muretus
763 3093 794 3125 ex
804 3075 878 3124 libro
894 3081 1005 3134 retere3
1025 3089 1141 3140 numque

59 3160 136 3197 omnes
151 3147 231 3199 Para.
249 3150 336 3199 Bavv.
355 3147 496 3214 ceterique
513 3149 638 3198 codices:
657 3165 691 3196 ex
703 3146 858 3196 Gallicanis
874 3144 1018 3212 praebent.
1055 3144 1141 3211 Equi·

59 3215 109 3266 dem
124 3215 230 3280 luteos,
251 3238 284 3268 ex
301 3218 396 3272 tulere
412 3219 550 3269 interdum
562 3225 681 3285 propter.
718 3218 793 3268 Fam.
809 3217 883 3266 XVI
899 3215 954 3264 21:
995 3214 1074 3277 Qraocl
1091 3217 1142 3282 igi-

59 3291 95 3334 lur
106 3295 156 3342 bant
173 3281 211 3340 ex'
224 3309 263 3340 rae
278 3289 485 3346 delatuturus
502 3296 531 3357 ut
547 3289 698 3355 duplicetur
716 3297 790 3338 taum
804 3306 838 3336 cx
854 3305 892 3334 rac
909 3286 1045 3356 paralium,
1062 3305 1141 3354 prae·
1161 3351 1165 3359 .
1186 3317 1191 3331 .

59 3357 131 3410 stabo.
165 3362 248 3412 Brut.
264 3359 319 3413 ill:
340 3351 398 3409 'Ex
420 3366 446 3408 te
469 3359 569 3427 duplex
588 3377 635 3409 uos
657 3359 739 3430 afficit
754 3357 928 3415 sollicitudo,
956 3356 1067 3423 quodet
1082 3359 1142 3424 ipse

60 3430 227 3494 rep.'careas,
248 3439 273 3480 et
290 3431 343 3481 illa
356 3438 390 3481 te.
426 3425 451 3482 r.
471 3430 625 3481 Scilicet.
645 3430 701 3489 12,
721 3430 749 3480 2.
767 3428 816 3487 57,
835 3428 863 3478 2.
883 3435 910 3478 et
930 3429 1001 3477 llor.
1020 3427 1142 3478 Turseli.

61 3513 108 3565 cop.
126 3500 180 3561 77,
202 3502 249 3553 11.
288 3502 346 3552 Sed
371 3508 461 3552 tuanen
487 3499 556 3551 nihil
582 3500 633 3551 bac
660 3501 861 3569 permutatione
885 3500 1076 3566 frequentius,
1113 3498 1144 3547 id

61 3571 311 3632 quadrantium
329 3572 463 3631 declarat,
483 3573 579 3640 inquo
597 3572 671 3622 inira
687 3572 820 3639 seriptum
837 3576 895 3620 est:
923 3569 1019 3619 babuit
1038 3587 1071 3618 ex
1089 3568 1143 3618 biis

60 3643 143 3706 capiis,
177 3646 248 3694 unde
271 3645 398 3712 plerique
423 3644 503 3692 Parr.
527 3651 607 3693 etex
631 3644 664 3692 iis
687 3651 735 3704 eto.
780 3643 829 3692 Ad
852 3640 903 3690 boe
928 3642 981 3692 rim
1006 3641 1144 3691 causalem

61 3705 126 3777 hujus
149 3715 263 3767 ablativi
286 3715 368 3783 plura
392 3714 517 3782 exempla
545 3714 733 3782 comprobant.
770 3732 797 3782 p.
816 3713 889 3762 Mur.
908 3713 931 3780 §.
948 3709 1004 3762 87:
1040 3712 1143 3768 Nolite,
1181 3768 1183 3773 Ι

59 3778 160 3844 judiees,
186 3786 236 3836 luae
255 3803 311 3834 eura
331 3804 374 3843 re,
403 3803 456 3851 qua
478 3803 506 3834 se
528 3785 703 3834 honestiorem
722 3784 781 3852 [irre
801 3784 924 3852 putavit,
952 3784 1032 3832 etiam
1048 3783 1143 3832 ceteris

60 3859 111 3900 aute
130 3858 217 3924 partis
243 3855 424 3926 honestatibus
444 3857 563 3925 privare.
600 3856 676 3922 lj'am.
691 3856 736 3908 lx
755 3856 790 3907 ss
809 3873 869 3923 pru:
902 3849 960 3902 'Vct
984 3867 1038 3903 meo
1060 3856 1143 3920 ipsias

61 3919 157 3974 interita
172 3927 276 3979 mallem
292 3927 386 3977 literas
401 3945 471 3976 nram
486 3926 667 3985 desiderares,
691 3946 772 3994 qaam
789 3943 818 3982 eo
835 3943 915 3982 oasa,
942 3941 993 3991 qao
1009 3943 1065 3974 sam
1080 3942 1143 3994 pra-

61 3991 152 4045 vissime
167 3998 285 4068 afflictus.
322 3999 366 4049 De
385 3998 472 4066 Legg.
490 3997 590 4058 111⁷,
613 3996 666 4048 15:
702 3998 805 4068 Regale
821 3996 941 4046 civitatis
956 4014 1056 4066 geraus,
1070 3992 1143 4064 ”pro-

63 4059 139 4114 batum
154 4060 301 4133 quondam,
325 4077 421 4136 postea
436 4085 489 4118 nort
502 4077 557 4118 tam
573 4069 665 4138 regui,
694 4087 771 4136 quam
788 4069 859 4135 regis
876 4067 952 4116 vitiis
975 4066 1144 4135 repudiatam

64 4139 102 4182 est.
134 4155 158 4188 v.
182 4141 248 4191 ibid.
265 4139 301 4206 9,
321 4141 369 4192 22.
397 4139 468 4190 113
485 4145 554 4190 extr.
572 4140 643 4190 sall.
666 4139 729 4190 ssat.
748 4140 803 4198 51,
823 4138 850 4187 5.
882 4143 909 4186 et
930 4156 1015 4206 snpra
1039 4138 1055 4186 I
1079 4136 1142 4186 cat.

65 4200 82 4264 i·
97 4202 137 4258 22.
156 4239 186 4248 -
224 4209 386 4262 Gallicanae
405 4212 521 4281 legiones
538 4212 594 4266 diei
609 4204 738 4266 ridentur
756 4209 880 4276 legiones
896 4207 1052 4278 Romanae,
1074 4223 1143 4274 quoe

65 4270 87 4318 ln
102 4274 189 4330 Gallia
207 4284 336 4334 citeriore
355 4288 436 4350 atque
452 4282 589 4332 ulteriore
604 4283 745 4354 ‘praesidia
764 4280 922 4346 agitabunt,
949 4281 1048 4347 quibus
1064 4295 1143 4346 panse-

67 4350 191 4475 esrastlrlrtctgt
210 4353 341 4476 bligtellus
367 4361 395 4406 et
417 4352 451 4408 C.
475 4353 599 4406 Murena.
636 4371 661 4410 v.
689 4354 763 4403 infra
783 4353 807 4418 §.
827 4347 875 4401 26.
900 4369 927 4420 p.
946 4353 1019 4401 ltIur.
1044 4349 1067 4416 ξ.
1094 4343 1142 4396 89.
