2782 5022
239 325 361 406 202*
571 303 1016 399 o'nerrom.

300 497 382 560 (loe.
403 499 464 560 VI.
506 499 646 566 Iudiciis
676 485 836 587 expositis
873 519 971 594 etque
1009 511 1133 588 editis,
1176 515 1327 591 Quirites,

240 591 388 680 cerretum
412 584 600 660 consului,
628 589 669 650 de
702 612 823 653 summa
847 591 1055 680 reipublicae
1072 595 1099 680 ¹)
1120 596 1235 665 ‚salute
1263 602 1329 684 quid
1378 664 1383 675 ,

237 665 311 736 fiere
337 667 492 746 placeret.
546 669 665 734 Dictae
702 683 779 736 sunt
812 699 829 736 e
862 678 1067 759 principibus
1099 683 1273 742 acerrimus
1300 706 1329 743 ee

238 749 640 816 fortissimoesententiee
651 800 661 829 ,
685 779 764 840 quas
787 769 902 822 seuetu
936 763 1006 822 sine
1027 761 1094 822 ullu
1112 765 1270 826 verietate
1289 775 1330 828 est
1378 744 1384 766 Ι

241 833 428 918 secutus²).
473 835 517 897 Et
550 841 702 936 quoniam¹
729 844 871 905 nondum
897 853 947 905 est
969 845 1190 927 perscriptum
1212 857 1329 910 senatus
1386 886 1387 892 .

242 947 1330 976 *mm-*m

294 991 323 1058 Ι)
343 995 498 1080 desummo
517 997 665 1084 republica
684 996 762 1067 quid.'
778 1003 780 1012 ’
796 999 828 1066 2)
848 1008 1019 1056 consecutus.

239 1091 592 1112 ——ss-—t-——uu-

241 1162 289 1214 Sic
303 1163 481 1214 honestissimi
490 1163 607 1216 bomines
616 1167 688 1218 inter
695 1186 723 1218 sc
731 1175 860 1222 etmecum
868 1169 1054 1235 loquebantur.
1072 1169 1207 1224 chmic.
1217 1171 1257 1224 22
1265 1175 1327 1224 mede
1386 1161 1387 1224 s

241 1235 334 1302 Neque
347 1234 433 1284 solum
448 1235 535 1286 colent
553 1238 624 1286 inter
636 1257 665 1289 se
678 1257 709 1302 ue
726 1238 856 1308 diliqent,
874 1240 922 1290 sed
937 1242 1018 1291 etium
1032 1243 1195 1292 verebuntur
1211 1243 1327 1311 [leonina

241 1307 425 1358 benevolentia
442 1305 606 1376 conjuncti}
643 1307 725 1360 Orat.
743 1309 760 1357 I
778 1307 835 1368 26,
857 1308 933 1361 {222
969 1311 1024 1361 Hie
1040 1330 1126 1363 omncs
1143 1315 1250 1364 assensi
1264 1317 1328 1386 siqni—
1386 1327 1387 1332 ’

239 1380 319 1452 Jieari
338 1381 409 1428 inter
423 1397 478 1428 sese
494 1384 520 1427 ct
534 1378 651 1445 colloqui
667 1387 816 1447 coeperunt.
851 1381 938 1442 115,
961 1381 1015 1432 Ιὸι
1056 1383 1110 1446 Qui
1132 1402 1190 1434 cum
1213 1386 1283 1434 inter
1296 1404 1330 1442 se,
1386 1391 1387 1395 ’

242 1458 272 1500 ut
290 1468 378 1500 eorum
394 1467 457 1498 rosas
470 1449 593 1516 sirebat,
612 1451 772 1507 aridei-ssime¹
785 1452 1017 1512 consalutassent,·
1035 1460 1084 1504 ete.
1120 1454 1185 1506 Nat.
1208 1455 1244 1506 1).
1259 1455 1330 1506 let:
1386 1473 1387 1487 ¹

149 1517 150 1528 ¹
241 1521 290 1570 Ilii
306 1521 383 1570 usella
400 1539 428 1569 re
444 1527 548 1591 eqentes
562 1528 592 1603 ‘ir
603 1521 675 1570 inter
689 1539 718 1571 se
733 1521 860 1591 dilipunt,
880 1529 906 1571 et
922 1523 1070 1573 bominibus
1086 1526 1239 1576 consulunt.
1275 1526 1331 1595 Nep.
1386 1553 1387 1568 ι

133 1609 156 1654 f
237 1591 321 1642 Eum.
338 1590 374 1642 d:
415 1576 469 1652 Qui
486 1609 565 1657 quum
583 1599 654 1640 enter
667 1611 696 1642 se
713 1593 843 1660 cotreplexi
862 1621 892 1632 -
907 1611 941 1643 cx
957 1597 1030 1660 equis
1049 1595 1222 1646 decidissent.

190 1717 191 1730 χ
293 1661 341 1712 sed
358 1663 410 1730 ipsi
425 1680 442 1710 a
458 1679 485 1710 se
502 1661 664 1716 viderentur.
683 1663 825 1722 Revocevi
842 1663 911 1715 bunc
930 1665 1000 1731 Teg.
1018 1665 1154 1734 Arcbiep.
1174 1667 1259 1718 Puer.
1275 1664 1298 1715 d.
1311 1664 1331 1714 t.

188 1780 190 1798 ,
240 1733 328 1783 Barb.
347 1732 505 1783 cedwald.
520 1729 685 1792 lectionem,
713 1753 782 1802 quoe
804 1735 885 1786 etiam
911 1754 927 1786 a
948 1735 1067 1786 Gruteri
1083 1738 1152 1787 Msis
1176 1745 1238 1802 tam,
1253 1737 1331 1786 multis

190 1799 193 1805 ¹
242 1805 422 1862 confirmatu,
455 1821 505 1854 nee
533 1802 688 1854 Gerutonio
710 1803 864 1868 ¹videbatur
890 1806 924 1856 de
954 1807 1092 1874 elegantia
1120 1811 1276 1862 concedere
1299 1807 1331 1854 illi

243 1876 341 1925 elteri:
360 1873 407 1924 sed
421 1874 541 1925 iudicare
557 1893 584 1924 se
603 1877 656 1944 ipsi
670 1875 725 1925 uid.
742 1894 820 1943 quum
835 1895 866 1928 ex
882 1877 962 1927 libris
976 1877 1090 1937 Mureti,
1109 1877 1232 1948 u'troque
1245 1879 1330 1930 Grsev.

240 1947 341 2002 Duisb.
356 1952 383 1997 et
400 1946 461 1996 edd.
474 1946 555 1996 Rom.
574 1944 664 1997 1480.
682 1947 761 1997 Brix.
780 1947 854 1998 Med.
874 1956 1041 2016 receperunt
1056 1949 1195 2002 Graevius
1213 1957 1242 2002 ct
1259 1951 1331 1998 Eruc-

240 2021 332 2070 etius..
357 2018 436 2067 llcnc
455 2018 564 2084 quidem
580 2025 608 2068 et
623 2035 674 2086 ego
693 2018 883 2085 praeferrem,
911 2020 964 2069 nisi
985 2020 1078 2071 varius
1103 2022 1173 2072 ordo
1198 2021 1332 2074 verborum

239 2089 346 2145 inistis
371 2088 451 2138 libris
472 2089 655 2156 suspicionem
670 2096 812 2149 moveret,
842 2107 900 2140 eom
917 2090 951 2140 ub
965 2091 1171 2159 interpretante
1191 2093 1331 2162 protectam

240 2179 318 2221 essc3
337 2177 453 2232 namque
469 2158 532 2210 Per.
552 2159 586 2208 2:
612 2165 736 2210 nontam
754 2185 782 2198 ··
802 2160 1070 2227 scdipsosindieare
1086 2181 1115 2211 se
1131 2163 1188 2213 uid.
1228 2160 1330 2214 leuet:
1386 2219 1387 2224 ¹

165 2281 168 2294 ,
238 2232 362 2298 scd-ipsi
381 2230 536 2280 viderentur
554 2248 582 2279 se
598 2230 728 2286 indicare.
767 2231 846 2282 Perr.
863 2232 891 2284 8.
913 2231 959 2282 li).
978 2239 1006 2283 et
1018 2233 1113 2283 ambae
1129 2234 1273 2292 Venetae:
1295 2230 1331 2281 s'ed

141 2293 149 2312 ⁸
199 2306 202 2311 ’
240 2303 293 2372 ipsi
319 2319 346 2350 se
369 2300 490 2350 indicare
512 2300 674 2352 viderentur.
702 2329 733 2340 -
770 2303 805 2351 In
828 2304 920 2354 verbis
947 2305 1091 2354 cutecedd.
1109 2307 1270 2357 restitutum
1284 2310 1329 2354 est:
1386 2339 1387 2344 ,

241 2373 358 2424 certiora
380 2371 445 2431 illa,
473 2372 630 2423 volentibus
655 2372 779 2422 omnibus
801 2374 887 2426 Bavv.
907 2380 988 2442 utque
1006 2374 1148 2426 Parisiuis.
1168 2405 1200 2414 -
1228 2375 1287 2426 Cic.
1304 2375 1330 2422 de

230 2445 319 2507 ¹Finu.
337 2442 354 2491 Ι
371 2440 426 2492 162
465 2442 622 2508 Plerumque
646 2443 822 2511 irreproborum
844 2442 921 2511 saeta
936 2447 1023 2513 primo
1040 2447 1155 2519 suspicio
1177 2448 1329 2513 insequitur,
1386 2496 1387 2507 p

240 2513 336 2564 deinde
351 2530 435 2563 sermo
451 2520 530 2580 atque
544 2512 638 2580 lirrna3
659 2522 712 2564 turn
731 2524 888 2574 aecusator,
909 2524 963 2565 turn
973 2512 1082 2586 q‘uddsu
1111 2517 1331 2574 multiscium
1386 2555 1387 2577 ,

242 2593 268 2634 te
281 2584 403 2641 consule,
422 2585 474 2650 ipsi
491 2603 519 2634 se
534 2585 729 2654 indieaperunt.

295 2656 347 2704 vl.
384 2655 498 2705 Iudiciis
515 2685 547 2694 -
564 2655 652 2706 editis.
691 2655 795 2724 Cie.'p.
813 2655 895 2706 Sulla
915 2654 968 2706 dd:
995 2653 1162 2708 Introductis
1179 2659 1208 2708 in
1224 2662 1329 2708 seauton
1386 2681 1387 2696 ι

242 2725 389 2784 indicibus,
410 2727 542 2792 constitui
555 2735 709 2785 senatores,
738 2728 784 2791 qui
801 2729 888 2776 omreia
905 2727 1020 2777 indicum
1040 2728 1129 2787 dieta,
1158 2730 1331 2797 interroqato,
1386 2761 1387 2770 .

196 2853 198 2865 ,
241 2815 369 2866 responsa
381 2798 593 2866 perscriberent,
616 2827 647 2838 -
674 2795 704 2848 C.
725 2795 897 2854 Cosconium,
922 2799 968 2862 qui
993 2804 1054 2848 trcnc
1075 2807 1134 2849 erat
1147 2807 1277 2868 praetor,
1300 2794 1329 2844 ll·

146 2882 152 2896 ⁸
242 2869 407 2926 Messalam,
427 2869 473 2933 qul
491 2876 545 2917 turn
560 2877 714 2937 praeturam
731 2870 854 2937 petebat,
874 2868 905 2916 P.
924 2869 1082 2939 Niqidium,
1100 2869 1172 2938 App.
1194 2868 1329 2920 Claudium.
1385 2891 1387 2928 g

244 2938 299 2992 15:
320 2968 349 2978 -
376 2937 510 2989 Indicium
529 2941 557 2989 in
575 2939 683 3001 tabulas
699 2939 822 3009 publicas
841 2939 955 2988 relatum
973 2957 1025 2990 reon
1044 2942 1163 2990 continui
1182 2941 1272 3005 dorni,
1294 2933 1330 2986 tel
1386 2975 1387 2984 .

242 3010 358 3060 describi
376 3013 410 3060 ab
430 3011 549 3060 omnibus
567 3011 708 3068 librariis,
734 3009 820 3060 dividi
836 3011 937 3078 passim
955 3018 982 3058 et
998 3011 1173 3080 perculpari,
1203 3020 1281 3077 atque
1296 3005 1329 3056 cdi
1386 3059 1387 3071 ἶ

238 3083 339 3152 populo
355 3081 389 3131 R.
406 3083 551 3149 irreperaoi,
571 3082 653 3131 divisi
671 3083 721 3132 toti
740 3075 858 3138 Italiae,
879 3082 954 3130 emisi
972 3082 999 3130 in
1018 3099 1105 3132 emeres
1119 3085 1282 3150 provincias.

296 3152 328 3202 de
351 3171 451 3202 surremn
476 3153 542 3220 reip.
572 3153 668 3202 salute.
713 3152 793 3203 Hanc
821 3152 890 3218 Teg.
914 3151 1046 3220 Archiep.
1076 3153 1144 3204 Buv.
1171 3161 1236 3205 octo
1263 3152 1327 3200 Porr-

242 3223 343 3274 librom
354 3223 484 3288 Mureti,
513 3224 611 3278 Duisl).
625 3223 711 3273 Roob.
730 3225 791 3274 edd.
807 3223 887 3272 Rom.
906 3223 984 3272 Brix.
1005 3224 1173 3286 Venetorum
1197 3225 1327 3277 lectionem

243 3296 373 3362 optimum
390 3300 493 3344 temere
512 3295 676 3345 damnarunt
688 3301 719 3344 ut
732 3296 852 3362 ineptum
871 3293 997 3343 Muretus
1014 3291 1048 3344 ‘et
1067 3293 1215 3346 Graevius.
1252 3313 1275 3346 v.
1294 3286 1327 3338 W

243 3365 308 3417 Get.
327 3363 524 3418 tunae.
561 3366 577 3414 Ι
605 3364 668 3416 cat.
694 3364 720 3416 5.
758 3365 846 3414 liecte
863 3364 1004 3415 admonuit
1021 3348 1210 3424 Garotonius‚
1242 3363 1326 3414 dixisse

243 3438 353 3506 quidem
374 3434 538 3500 Ciceronem
555 3436 571 3485 l
591 3435 653 3487 cat.
669 3434 705 3486 (is
732 3434 768 3484 ad
784 3453 908 3484 surremarn
925 3453 1003 3503 remp.
1026 3431 1120 3486 verum
1142 3437 1234 3506 sequi:
1261 3441 1326 3496 uque

242 3507 279 3558 ad
313 3508 426 3558 emerium
458 3514 575 3556 nostrum
603 3504 686 3558 citam
715 3507 893 3571 salrtlemque3
939 3507 1038 3557 dixisse
1065 3508 1178 3558 eundem
1196 3507 1265 3564 ·IV‚
1290 3499 1326 3552 ll·

241 3579 326 3644 deque
352 3577 490 3628 'universa
533 3596 587 3648 rep.
628 3577 783 3635 decernite,
835 3577 884 3627 sed
922 3577 1124 3644 praecessisse-2
1175 3577 1208 3628 de
1242 3587 1325 3626 sumna

241 3650 330 3699 saluto
348 3656 439 3700 vestra
450 3657 498 3698 etc.
517 3649 601 3702 Adde
617 3649 707 3698 locum
725 3666 757 3699 ex
774 3665 814 3698 or.
830 3665 856 3715 p.
872 3647 974 3698 Flacco
993 3646 1046 3698 58¹2
1073 3647 1113 3697 De
1126 3649 1215 3698 salute
1230 3645 1326 3697 onmium

242 3726 377 3776 nostrum,
405 3719 437 3769 de
455 3717 576 3787 fortunis
601 3719 740 3777 civitatis,
773 3719 806 3769 dc
826 3735 925 3767 summu
944 3736 998 3786 rep.
1023 3724 1106 3768 taceo.
1133 3747 1166 3761 -ψ
1209 3719 1251 3768 Ex
1272 3713 1325 3764 meir

243 3791 325 3842 codd.
363 3790 440 3840 Scir
493 3789 525 3839 de
549 3809 648 3839 summa
672 3789 706 3840 R.
732 3790 763 3839 P.
807 3787 870 3839 Par.
903 3788 938 3838 δε
979 3788 1011 3837 de
1042 3789 1206 3857 reipublicae
1236 3787 1325 3839 salute,

243 3867 272 3913 et
288 3859 353 3909 Pur.
372 3859 408 3910 8:
427 3861 573 3910 desummo
588 3861 750 3928 reipublicae
765 3858 830 3925 quid
844 3867 892 3909 ete.
905 3859 1051 3928 praebent.
1089 3859 1227 3914 Graevius
1242 3875 1272 3910 ex
1285 3869 1325 3904 sut

241 3932 332 4002 primo
351 3931 452 3982 edidit:
472 3933 619 3982 desummo
637 3932 774 4000 republica
790 3929 863 3995 quid.

295 4003 352 4052 sine
370 4002 427 4051 ulla
442 4005 574 4052 varietate
590 4009 630 4053 est
644 4009 757 4054 secretus.
794 3999 841 4050 Ita
864 4000 944 4050 Parc.
966 4000 1052 4058 Borv.
1078 4000 1166 4051 Barb.
1187 3997 1277 4050 Duisb.
1297 4017 1321 4031 -

242 4072 364 4124 Pessime
382 4073 446 4122 Par.
466 4073 504 4123 10
523 4092 582 4123 curn
602 4074 644 4124 ed.
662 4073 779 4126 Wald.=
797 4071 855 4120 sine
870 4072 929 4122 ulla
944 4086 1026 4120 mora.
1048 4069 1108 4121 cie.
1126 4089 1154 4138 p.
1173 4071 1265 4122 Sextio
1278 4061 1323 4114 dd‘

187 4177 194 4194 η
244 4142 310 4194 Cum
336 4162 423 4192 omnes
448 4147 585 4202 certatim,
613 4144 735 4208 aliusque
761 4142 816 4193 alio
840 4143 951 4211 pravius
978 4148 1058 4206 atquc
1083 4143 1204 4194 ornatius
1226 4140 1256 4192 de
1277 4147 1321 4184 Μ

239 4217 330 4268 salute
347 4214 479 4273 dixisset,
495 4215 623 4287 fieretque
638 4216 697 4264 sine
713 4215 772 4266 rolla
786 4213 919 4274 varietate
937 4212 1063 4262 discessio
1077 4219 1125 4262 ete.

292 4287 476 4355 perscriptum.
513 4286 566 4338 Est
580 4286 633 4337 hoc
651 4284 767 4337 derbum
784 4285 915 4335 solemne.
949 4283 1025 4332 Fam.
1041 4283 1069 4332 X
1089 4282 1142 4333 lb:
1168 4280 1320 4344 Itaestper·

239 4357 368 4428 seriptum
389 4355 420 4409 S.
439 4353 470 4408 C.
488 4364 518 4408 nt
540 4375 558 4408 a
582 4355 671 4408 mede
692 4356 794 4426 scripto
819 4354 894 4410 dicta
914 4351 1048 4406 sententia
1062 4360 1118 4414 est,
1137 4349 1319 4422 quammulti
