2782 5022
267 368 788 454 grancarlnrunu.
933 387 935 396 ·
1044 374 1129 449 ‘205

28 539 231 614 consultum,
266 553 308 599 ex
333 539 488 600 memoria
518 539 637 613 robis,
667 540 845 616 ⁸Quirites,
883 538 965 620 quid
995 547 1136 600 senatus¹

28 623 207 696 censuerit,
233 644 416 704 exponam-i
447 621 590 685 Primum
605 623 684 682 mibi
699 625 822 701 gratiae
838 623 947 683 verbis
969 621 1129 704 amplissi·
1141 625 1180 683 lt
1250 619 1252 624 ’

27 709 78 770 mis
105 715 272 786 aguntur,
309 706 397 789 quod
425 705 568 780 virtute,
610 707 770 776 consilio,
805 705 1010 788 providentia
1039 715 1152 780 mea‚‘

27 791 210 872 respublica
232 788 394 870 periculis
410 789 555 850 maximis
573 790 616 850 sit
627 790 654 871 ²)
670 791 828 866 liberata3
852 790 971 850 deinde
985 789 1021 851 1..
1038 789 1132 849 Flac-

30 897 79 934 cus
99 881 131 934 et
154 875 193 934 C.
216 873 417 945 Pomtinus,
446 865 639 953 praetores,
671 875 760 957 quod
790 894 899 934 eorum
929 893 1028 954 opera
1053 873 1133 934 forti

26 958 173 1038 fidelique
203 978 290 1016 usus
321 977 445 1029 essem,
487 958 604 1028 merito
633 979 671 1017 ac
700 957 769 1017 iurc
800 956 991 1018 laudantur:
1035 964 1132 1036 atque

28 1042 115 1099 ctiam
130 1041 204 1099 viro
224 1039 331 1113 forti,
353 1039 501 1120 collegae
519 1063 610 1114 meo,
632 1039 703 1100 laus
724 1041 929 1121 impertitur.
952 1039 1039 1121 quod
1062 1038 1132 1112 c'os,

29 1124 77 1205 qui
91 1123 187 1183 huius
204 1123 447 1183 coniurationis
465 1123 809 1206 participesluisscnt,
833 1123 933 1184 asuis
953 1131 986 1183 et
996 1124 1023 1198 ²)
1038 1145 1055 1181 a
1068 1123 1132 1182 rei·

28 1206 171 1286 publicae
207 1207 362 1267 consiliis
389 1207 592 1269 removisset.
635 1209 745 1290 Atque
775 1208 822 1268 ita
849 1213 1064 1279 censuerunt,
1097 1213 1133 1266 ut

28 1289 60 1348 P.
80 1288 269 1362 Lentulus,
304 1312 375 1350 cum
394 1311 429 1350 sc
448 1300 600 1370 praetura
623 1292 828 1364 abdicasset,
850 1291 877 1371 3)
896 1290 930 1350 in
951 1289 1134 1350 custodiam

29 1374 228 1439 tradereturz
254 1374 399 1457 itemque
419 1374 468 1432 uti
489 1372 527 1435 C.
545 1374 732 1456 CetheguS,
756 1374 792 1436 L.
811 1373 986 1447 Statilius,
1010 1372 1047 1432 P.
1067 1372 1132 1432 Ga·

29 1456 147 1529 binius,
181 1457 243 1540 qui
274 1478 385 1519 omnes
412 1467 603 1537 praesentes
630 1467 738 1531 erant,
769 1458 803 1517 in
825 1458 1005 1518 custodiam
1022 1456 1131 1516 trade-

31 1547 151 1600 rentur-e
191 1549 297 1623 atquo
317 1539 487 1601 idem'boc
506 1542 672 1602 decretum
694 1551 744 1603 est
764 1542 798 1602 in
817 1540 853 1601 Is.
874 1541 1043 1612 Gessium,
1075 1539 1132 1621 qui

33 1621 86 1680 sibi
103 1625 374 1703 procurationem
394 1625 619 1685 incendendae
638 1627 727 1686 urbis
750 1626 1010 1706 depoposcerat:
1032 1623 1066 1681 in
1084 1619 1131 1681 Μ.

35 1704 238 1786 Caeparium,
285 1709 338 1766 cui
364 1707 404 1767 ad
440 1707 669 1769 sollicitandos
697 1717 846 1790 pastores
872 1707 1024 1788 Apuliam
1058 1719 1145 1765 esse'

37 1789 235 1866 attributam,
271 1799 341 1851 erat
359 1791 554 1855 indicatum:
586 1791 621 1851 in
639 1793 677 1853 P.
697 1792 848 1864 Furium,
880 1792 936 1874 qui
957 1800 1008 1851 est
1031 1789 1130 1848 exiis

39 1921 117 1937 Q

40 1989 44 1998 ’
84 1994 106 2063 l)
124 1997 161 2049 sit
180 1998 320 2050 maximis.
358 1991 526 2069 2)'ct¹reip.
565 1999 595 2066 ὅ)
613 1997 785 2058 abdicasset,
802 2004 869 2050 tum.

42 2101 380 2136 ᾕ--ι--έ-

37 2185 145 2253 frequeus
168 2201 281 2243 secutas
304 2200 345 2242 est
364 2175 461 2244 summa
483 2192 573 2244 stralio
597 2210 743 2263 ucapaoqae
770 2209 905 2242 corcseusu.
935 2219 968 2230 -
1011 2171 1151 2240 sancus*

38 2261 147 2312 consulta
161 2265 328 2331 perscripta
346 2263 547 2332 [auctoritates
563 2265 736 2333 perscriptae
757 2264 832 2314 Fam.
847 2262 925 2314 VIII
939 2261 979 2330 8]
1002 2261 1038 2310 ad
1054 2279 1132 2311 acra·

37 2329 95 2380 rium
110 2333 219 2386 deferri
238 2335 376 2386 solebant.
414 2353 438 2386 v.
456 2336 545 2386 Tacit.
562 2336 612 2386 III
629 2333 677 2387 51.
697 2334 775 2386 xlll
791 2333 839 2384 26.
1054 2347 1056 2354 ⁴

81 2401 103 2467 ἓ.
123 2404 169 2456 14.
208 2405 332 2474 collepae
351 2424 423 2463 meo,
447 2405 486 2477 ll.
499 2407 641 2465 Antonio,
670 2395 704 2456 dc
728 2423 780 2474 quo
798 2404 862 2458 Cic·
878 2403 906 2453 in
924 2401 981 2452 Pis.
1001 2399 1037 2452 Ως
1071 2397 1132 2470 Epo

39 2468 175 2525 Antoniam
191 2477 342 2546 collepam,
362 2477 485 2545 cupidum
499 2477 670 2544 provircciae',
690 2475 773 2526 mrclta
790 2478 818 2525 ia
833 2474 970 2542 republica
985 2472 1134 2522 moliedtem

35 2543 156 2605 patientia
175 2555 261 2614 atquc
277 2549 473 2612 obsequiorueo
492 2550 622 2618 crcitipavi.
660 2567 687 2616 p.
703 2527 880 2598 Flaccd‘582
916 2544 1065 2613 Oppressus
1093 2548 1134 2592 est

41 2607 212 2673 GAectoaius,
231 2627 307 2668 esto:
326 2618 422 2668 babuit
436 2619 569 2684 quaerelam
584 2619 631 2670 ille
642 2618 870 2687 iufamiamsuarb.
890 2615 998 2667 v.'Sall.
1011 2613 1074 2663 Cat.
1083 2611 1134 2663 26.

38 2677 126 2735 Paullo
151 2706 238 2757 supra
267 2690 348 2739 dedic
384 2691 512 2756 periculis
542 2691 664 2740 muxiruis
693 2691 741 2746 stt.
762 2707 794 2738 ex
828 2687 951 2738 omnibus
986 2687 1072 2735 Bavv.
1106 2690 1135 2735 et

38 2748 168 2810 Parisiuis.
188 2761 259 2810 Mox
276 2761 380 2826 legitur
397 2766 423 2809 et
438 2778 455 2809 a
464 2761 530 2828 reip.
540 2763 568 2810 in
578 2761 719 2828 plerisque
732 2760 812 2809 Parr.
822 2759 910 2810 Bavv.
924 2757 1043 2808 Graevv.
1058 2754 1133 2805 le.

83 2843 110 2876 se
125 2838 261 2896 praetura
278 2831 439 2890 abdicasset.
476 2832 522 2882 Ita
542 2833 705 2900 plerumque
725 2830 837 2881 Cicero.
870 2831 903 2880 de
923 2829 993 2895 llep.
1010 2825 1060 2874 111
1077 2823 1133 2875 36:

39 2889 104 2945 latta
119 2903 190 2952 ratio
209 2909 265 2960 est,
293 2910 323 2953 ut
347 2910 373 2952 et
393 2903 556 2952 consuleret
577 2904 677 2952 tribuni
697 2902 785 2970 plebis
804 2902 965 2968 mapusraeu
980 2915 1008 2946 se
1025 2894 1135 2944 abdica-

40 2973 99 3014 rent.
134 2972 169 3020 ad
192 2974 258 3022 Ate.
282 2972 298 3021 l
323 2971 359 3023 6:
389 2973 474 3023 tutela
498 2974 685 3023 me·abdicare
710 2975 807 3041 capito.
843 2971 982 3021 Absolute
1013 2967 1134 3035 positum

42 3031 134 3100 legitur
149 3044 268 3093 verbum
283 3044 359 3094 istud
375 3044 403 3093 in
419 3045 437 3093 l.
457 3045 490 3093 II
503 3044 532 3094 4.
558 3045 579 3111 §.
601 3044 637 3094 ll
664 3045 698 3093 de
717 3043 780 3092 Nat.
798 3043 848 3092 ll:
885 3040 1009 3110 Aupures
1026 3055 1079 3086 rem
1098 3035 1135 3085 acl

42 3116 169 3172 seuaturu3
189 3120 318 3172 senatus,
338 3121 367 3163 ut
384 3114 541 3165 abdicarent
559 3114 697 3172 consules,-
727 3113 927 3163 abdicauerunt.
965 3129 989 3160 v.
1009 3108 1053 3157 IV
1072 3106 1136 3158 Cat.

44 3174 103 3240 bll-
136 3182 243 3236 Eadem
271 3179 524 3236 locutionc'utitur
550 3185 644 3236 Livius
661 3184 768 3234 XXIII
785 3184 825 3233 25
849 3190 934 3233 extus
971 3180 1011 3230 Μ.
1033 3177 1140 3228 Fabius'

44 3243 119 3298 Buteo
134 3255 267 3323 extemplo
285 3274 313 3304 se
328 3257 490 3325 ueaqistratu
506 3256 651 3306 abdicavit.
688 3255 721 3304 Il
739 3254 758 3305 P
777 3254 974 3305 extracturus·
992 3249 1085 3302 corcsul
1103 3277 1136 3287 -

45 3317 170 3372 abdicauit
185 3345 214 3375 se
233 3325 382 3376 consulatu.
419 3327 456 3377 51
475 3333 562 3377 exta:
599 3325 683 3376 Curia
706 3343 825 3394 egressus
853 3324 990 3374 dictatura
1012 3340 1040 3372 se
1061 3318 1147 3372 abab

46 3391 114 3440 cauit.
149 3396 191 3447 At
209 3415 269 3464 cap.
287 3397 326 3447 28
342 3404 427 3448 extr:
460 3397 508 3447 Ad
524 3397 607 3446 sellas
623 3395 759 3446 coenaculum
772 3413 854 3463 prope
869 3395 1043 3444 cortuclaoere
1061 3391 1137 3439 mini·
1237 3416 1241 3428 x

46 3473 92 3538 {Mes
108 3467 218 3533 quisque
234 3475 299 3516 natu
317 3477 440 3536 patrum,
468 3467 595 3518 abdicare
613 3468 779 3517 conmutatum
788 3467 930 3535 jubentes,
958 3471 985 3514 et
1007 3464 1137 3530 deponere

47 3535 178 3595 inperium.
217 3538 262 3587 vl
276 3535 335 3597 '18‚
353 3539 391 3589 d:
427 3536 563 3594 Ircuidiam
580 3557 633 3588 non
654 3539 774 3588 dictator
791 3537 866 3587 modo
882 3534 1030 3586 abdicando
1051 3532 1137 3581 dieta·

47 3603 123 3652 mmm
138 3603 269 3678 fugisset,
296 3609 405 3660 sedete.
442 3610 469 3658 V
484 3615 574 3666 extre
604 3627 687 3674 eaque
709 3627 791 3658 eausa
817 3608 871 3675 finit
894 3624 945 3656 uon
970 3601 1138 3655 abdicandae

47 3679 97 3732 post
116 3678 275 3746 triumphum
299 3680 459 3731 dictaturae.
498 3681 570 3729 Illuc
597 3681 668 3730 Sall.
694 3679 755 3730 cat.
778 3677 837 3730 [Νι
869 3678 985 3728 Senatus
1002 3675 1138 3730 deceruit,

49 3742 82 3790 “ll
106 3748 282 3800 abdicato
316 3753 537 3821 ucapistmtu
564 3750 712 3809 Lentulus,
747 3752 860 3815 itemque
884 3749 965 3799 ceteri
988 3749 1015 3796 ia
1044 3745 1138 3794 liberis

49 3815 164 3869 custodiis
187 3820 356 3872 haberentur.
394 3822 442 3873 sie
468 3822 538 3872 enim
563 3821 666 3888 legitur
689 3823 716 3871 iu
741 3823 847 3872 duobus
869 3820 978 3889 optimis
1004 3817 1084 3868 codd.
1107 3816 1138 3865 S.

50 3876 157 3943 Emmer,
174 3909 190 3942 a
204 3909 245 3942 mc
263 3893 391 3953 collatis,
410 3893 437 3942 in
454 3892 534 3943 Purr.
552 3891 621 3943 m.
638 3893 666 3944 5.
685 3891 705 3942 o
723 3899 751 3943 et
765 3893 840 3960 apud
855 3892 1022 3942 Frontonem
1039 3889 1067 3937 in
1085 3885 1139 3936 Ex.

52 3945 204 4041 Elbo-'pap
226 3962 296 4014 489.
327 3993 351 4002 -
394 3963 563 4016 Particulam
591 3971 645 4014 tuuc
670 3965 799 4015 continuo
820 3963 847 4012 in
875 3961 995 4029 vulgatis
1018 3959 1141 4042 additam

53 4037 145 4164 ilfi?
159 4035 611 4173 .t“ll.l;l.‡t.'¹;t·¹¹.⁰.'.⁰t;.ltt
626 4031 1049 4163 l?l.lttt.‚².l.⁸.·.lttl.⁰;
1064 4027 1140 4150 ill.

54 4161 164 4241 Arebiep
191 4177 255 4226 Par.
272 4177 300 4228 4.
318 4184 378 4227 turco
397 4178 528 4246 scriptum
548 4178 592 4228 sit.

101 4235 269 4311 Corporum,
301 4265 363 4298 nam
384 4249 408 4299 is
430 4247 526 4318 paullo
554 4253 616 4300 ante
643 4263 675 4298 ex
699 4247 766 4312 fuga
793 4250 938 4295 retractus
960 4249 1030 4294 erat.
1067 4239 1139 4290 sall.

59 4297 78 4352 C
105 4346 111 4358 .

81 4312 179 4439 “saliti
193 4387 320 4458 coloniis,
339 4405 416 4456 quae.
453 4386 499 4440 Ita
515 4383 693 4440 cemoeterio
709 4386 792 4438 etiam
806 4385 877 4468 Peg.
894 4383 955 4436 Sub
967 4379 1056 4436 Arch.
1070 4380 1140 4430 Bar.
