2824 5018
265 345 367 461 ως
629 379 977 440 ὀυτω

266 549 414 624 tulisses,
436 548 641 628 existimarit,
661 559 697 614 te
716 552 849 636 utrique
867 551 1009 632 negotio.
1022 547 1216 612 satisfacere
1236 546 1344 627 posset

266 632 474 694 vehementer
495 635 632 708 errastI,
671 635 742 719 qnia
773 635 857 698 enim
886 635 956 695 dies
977 633 1059 706 luit,
1089 630 1344 714 posteaqusmin

266 715 361 776 istam
394 718 568 778 accusandi
599 717 875 778 denuntiationem
904 718 1071 796 ingressus
1102 736 1160 788 es,
1197 733 1292 796 quem
1314 721 1344 772 tu

230 801 233 808 '
267 819 331 860 non
352 806 455 859 totum
477 800 511 858 in
532 801 595 861 ista
617 800 742 861 ratione
765 801 1008 862 consumseris'i

205 957 208 964 Ι
245 862 250 884 ’
330 880 407 942 Gar.
430 881 562 942 xxllt.
604 883 722 963 Legem
745 883 881 944 ambitus
904 881 1078 962 flagitasti,
1101 901 1186 979 puae
1206 877 1271 938 tibi
1294 898 1347 936 non

268 962 389 1024 deerat.
412 966 579 1026 eratenim
597 966 800 1028 severissime
818 966 941 1047 scripte
958 965 1147 1045 Calpurnia.
1171 968 1286 1042 gestus
1306 967 1346 1018 est

267 1067 335 1108 mos
359 1055 392 1108 et
413 1047 585 1121 voluntati,
607 1057 640 1109 et
662 1049 812 1128 dignitati
832 1057 918 1109 tuae.
940 1048 1000 1108 sed
1019 1055 1089 1108 tota
1109 1044 1170 1104 illa
1189 1045 1346 1103 lernaeu-

268 1129 424 1190 sationem
446 1137 543 1202 tuam,
566 1131 594 1190 si
612 1131 747 1192 haberes
767 1141 936 1208 nocentem
954 1151 1054 1202 reum,
1075 1131 1219 1190 sortasse
1244 1145 1345 1186 ernas·

216 1205 340 1284 flecta
360 1211 512 1292 petitioni
533 1233 609 1274 vero
623 1214 783 1296 refragata
799 1221 860 1275 est.
902 1213 1011 1273 Poena
1029 1213 1157 1290 pravior
1174 1211 1211 1268 in
1229 1207 1345 1288 plebea

267 1301 324 1355 tue
344 1316 423 1355 vocs
447 1296 616 1376 efflagitata
639 1304 698 1358 est.
737 1297 887 1358 commoti
908 1295 1003 1358 animi
1031 1293 1136 1376 [sunt]
1161 1292 1345 1354 tenuiorum

269 1375 430 1438 Exsilium
457 1377 492 1438 in
515 1387 659 1440 nostrum
682 1381 843 1441 ordinem:
885 1378 1049 1439 concessit
1078 1385 1214 1436 senatus
1247 1382 1345 1454 postu·

267 1456 384 1520 lationi
406 1468 498 1533 tuao;
520 1462 579 1522 sed
600 1477 665 1522 non
686 1461 827 1522 libenter
843 1461 1003 1522 duriorem
1025 1461 1175 1519 fortunae
1198 1455 1345 1518 communi

269 1543 509 1616 conditionem,
542 1553 576 1606 ie
604 1551 752 1616 auctore,
786 1545 967 1605 coustituit.
1009 1541 1121 1602 Morbi
1152 1537 1341 1600 excusationi

267 1643 374 1704 poena
394 1624 505 1684 addita
527 1634 596 1688 ests
629 1628 775 1688 voluutas
798 1629 918 1687 offensa
939 1625 1129 1696 multorum,
1159 1623 1284 1706 quibus
1306 1627 1342 1680 nat

270 1825 351 1882 Grut.
371 1831 503 1883 carebant
517 1831 676 1900 pronomine
694 1839 728 1892 te,
747 1834 820 1902 quod
832 1849 895 1884 sane
911 1832 1005 1882 abesse
1018 1835 1135 1900 poterat.
1156 1829 1190 1882 tle
1200 1830 1293 1880 Amic.
1303 1827 1346 1878 ll:

167 1929 170 1940 =
267 1899 385 1971 Deflexit
399 1900 459 1970 jam
484 1903 678 1969 aliquantalum
696 1903 728 1954 de
744 1905 830 1972 spatio
848 1903 1030 1969 curriculoque
1043 1899 1201 1951 eomasetudo
1221 1898 1347 1969 majam.

269 1972 303 2022 de
320 1971 375 2022 Off.
390 1972 422 2022 11
438 1969 475 2023 bs
510 1971 600 2042 Lapsa
614 1973 771 2024 consuetudo
785 1973 895 2045 deflexit
908 1971 941 2022 de
956 1975 1017 2030 oia,
1035 1971 1181 2034 sensimque
1193 1987 1227 2020 eo
1246 1969 1348 2020 deducta

268 2043 325 2100 est,
343 2050 372 2092 ut
385 2050 436 2096 etc.
471 2060 497 2094 n.
512 2044 545 2093 dc
561 2043 630 2094 Hor.
650 2044 736 2111 llesp.
757 2043 804 2098 10.
839 2061 866 2112 p.
884 2042 972 2097 blare.
992 2043 1014 2110 ξ
1036 2042 1064 2092 b.
1085 2049 1112 2093 et
1129 2041 1203 2090 inira
1225 2041 1250 2107 §-
1270 2037 1318 2090 56.

320 2113 433 2164 xxlll.
473 2110 627 2181 Calpurnia.
665 2115 705 2164 Su
727 2115 861 2166 crios-ibus
876 2113 1046 2180 temporibus
1060 2112 1178 2163 &munti
1191 2111 1260 2178 lege
1277 2109 1350 2178 [Bae-

268 2181 335 2252 bia]
355 2181 499 2244 Cornelia,
532 2183 607 2252 [lata
624 2204 640 2235 a
655 2183 686 2234 I’.
703 2134 835 2235 dornella
853 2181 994 2250 Cethego,
1019 2181 1055 2232 M.
1079 2181 1185 2232 Baebio
1210 2179 1351 2249 Tampbiln

268 2270 337 2306 coss.
354 2254 416 2303 enni
432 2252 498 2304 5⁷5.
516 2271 543 2304 v.
557 2254 616 2304 Lis.
632 2254 684 2305 XL
702 2253 739 2304 18
753 2261 780 2306 et
799 2253 854 2322 lii]
872 2252 1022 2320 hoo,genus
1036 2267 1142 2335 poenae
1158 2251 1311 2308 terebant,
1328 2255 1353 2299 nt

266 2323 471 2389 magistratuum
501 2325 634 2392 petitione
665 2342 715 2392 per
749 2325 842 2375 decem
869 2340 951 2373 annos
981 2323 1155 2373 abstinerent
1199 2323 1353 2390 Aliquanto

267 2400 363 2464 postes
388 2391 441 2462 [G.
463 2391 615 2462 Calpurnio
637 2395 753 2454 Pisone,
781 2395 819 2448 Μ’,
842 2394 936 2444 Asilio
958 2390 1111 2444 Glabrione
1133 2407 1203 2442 coss.
1231 2411 1256 2444 a.
1277 2389 1354 2456 68⁷]

268 2462 391 2514 serenior
408 2464 454 2514 lex
470 2463 621 2532 Calpurnia
636 2471 664 2516 et
677 2465 792 2536 pecnnia
805 2465 946 2522 multavit,
976 2468 1003 2514 et
1018 2463 1045 2512 in
1066 2468 1231 2530 perpetuum
1248 2461 1355 2512 bononi·

267 2533 319 2584 bus
339 2532 419 2600 jussit
441 2551 535 2586 carcre
557 2536 704 2586 damnatos.
740 2536 784 2604 [a.
803 2535 951 2587 Asconium
975 2534 1010 2582 ml
1031 2533 1115 2583 verbu
1131 2531 1192 2582 Cic.
1207 2549 1236 2598 p.
1252 2531 1356 2582 Gorne-

268 2602 339 2663 lioI
361 2601 392 2652 de
413 2602 498 2670 ispum
518 2604 732 2674 deropationibns
749 2623 875 2675 persaepe
892 2602 921 2654 S.
941 2600 970 2653 G.
982 2603 1067 2672 fiunt,
1093 2609 1124 2651 at
1140 2619 1227 2669 reaper
1242 2599 1279 2652 rie
1298 2603 1356 2670 ipsa

268 2667 325 2742 leffe
335 2667 491 2741 Calpurnia,
510 2691 577 2741 quae
585 2675 758 2745 deraque-etur·
766 2677 936 2726 ndnotantem
946 2697 952 2722 ι
972 2673 1031 2722 Lex
1040 2672 1090 2722 bae
1099 2665 1253 2740 Calpurnia
1261 2666 1297 2724 de
1308 2689 1355 2722 nsa-

188 2787 190 2806 ,
267 2745 411 2804 bitnerat3
432 2743 530 2792 tulerat
547 2762 603 2792 eant
620 2753 681 2794 ante
696 2747 824 2795 biennium
841 2741 869 2798 G.
883 2742 1044 2812 Calpurnius
1058 2743 1120 2794 Piso
1134 2743 1243 2800 consul,
1263 2743 1294 2792 in
1308 2758 1354 2807 pus

264 2821 374 2885 praeter
382 2811 451 2863 alias
459 2829 557 2881 poenas
564 2816 719 2880 pecuniaria
729 2833 829 2882 qaoque
837 2821 921 2884 poena
930 2821 988 2863 erni
1001 2813 1114 2883 usIJ'eeta.
1135 2811 1177 2864 De
1188 2813 1289 2863 endem
1298 2811 1353 2878 lege

269 2885 324 2935 Dio
335 2882 609 2937 casnxxxvlsh
628 2887 716 2940 Κατὰ
730 2893 787 2940 τῶν
797 2883 947 2953 δεκασμοῦ
961 2889 1021 2958 περὶ
1030 2886 1083 2948 τὰς
1098 2882 1353 2956 ἀρχὰςάλισκομέ-

268 2974 325 3010 νων
342 2953 546 3025 ἐνομοθετήθη
562 2959 630 3028 πρὸς
649 2956 821 3010 αὐτῶντῶν
838 2957 974 3027 ὑπάτων,
995 2954 1061 3024 μήτ’
1077 2951 1179 3028 ἄρχειν
1194 2953 1272 3024 μήτε
1292 2953 1354 3020 βου-

269 3021 605 3096 instauramentum,
625 3022 704 3078 ἀλλὰ
717 3029 767 3078 καὶ
783 3026 924 3097 χρήματα
938 3019 1206 3096 προσοφλισκάνειν.
1248 3039 1274 3073 s.
1292 3021 1353 3071 ibid.

269 3091 1353 3232 {tibiis.l:¹‘.⁰.¹'t”i.12'.'.¹.⁰.¹¹iitffitbltml.ilti”ii,...¹i⁰⁸²t·itt

269 3234 340 3285 cutio
352 3233 435 3282 'I'ullo
447 3251 515 3285 coss.
534 3250 558 3283 v.
572 3235 673 3284 Asson.
691 3235 727 3284 ad
741 3253 779 3286 or.
795 3235 824 3284 in
836 3241 901 3302 toga
916 3233 992 3288 cond.
1006 3250 1032 3301 p.
1043 3229 1112 3289 988,
1132 3231 1203 3282 sall.
1218 3231 1284 3284 Cot.
1297 3231 1353 3298 l8]‚

267 3321 382 3374 poenam
407 3304 439 3353 dc
462 3303 562 3354 ambitu
578 3305 730 3370 graviorem
752 3305 784 3356 C.
800 3306 935 3356 Antonius
955 3303 1097 3372 etGicero
1121 3320 1182 3353 coss
1215 3302 1261 3370 [a.
1278 3300 1352 3368 691]

268 3378 424 3432 sanxerunt,
444 3381 474 3428 ut
487 3379 599 3443 praeter
614 3373 681 3425 bace
701 3375 838 3427 veteribus
854 3375 960 3442 legibus
979 3375 1135 3430 constituta,
1155 3374 1240 3424 ctiam
1260 3372 1350 3424 exsilio

267 3445 457 3509 multarentur.
494 3463 517 3496 a.
532 3445 604 3495 inira
619 3444 665 3494 59.
685 3464 710 3512 p.
727 3446 805 3496 Sulla
824 3445 946 3498 22—25.
965 3463 992 3512 p.
1007 3441 1139 3494 Sexsttt.
1159 3444 1187 3493 in
1196 3441 1293 3494 Vatia.
1309 3441 1350 3493 lb.

268 3521 297 3566 et
313 3507 459 3564 Soboliusi.
475 3515 603 3566 Ambros.
619 3514 703 3565 rerba
718 3514 777 3566 cie.
791 3532 818 3584 p.
829 3516 942 3567 Plenoio
958 3513 1011 3565 bl:
1030 3511 1179 3570 Addidisti,
1199 3531 1241 3562 nae
1256 3513 1349 3564 idcireo

268 3603 324 3634 mea
339 3585 395 3656 Iope
412 3587 542 3636 exsilio
560 3586 682 3635 asabitum
696 3587 833 3643 sonuisse,
853 3593 881 3633 nt
898 3581 1102 3635 miserabiliores
1117 3583 1238 3652 epilopos
1256 3601 1350 3652 possen

267 3653 369 3714 dicere,
396 3654 471 3706 bisce
489 3661 726 3707 commentantem
765 3649 997 3725 Neeipnoramus,
1026 3660 1132 3704 anctore
1149 3653 1207 3720 ipso
1227 3651 1347 3704 Cicerone

268 3732 295 3774 et
315 3723 344 3774 G.
372 3725 490 3775 Aratonio
511 3743 580 3774 coras.
606 3725 687 3793 lepem
709 3727 864 3777 severiorem
881 3725 914 3775 cle
927 3723 1062 3798 punienda
1087 3724 1188 3772 antbitu
1210 3726 1347 3794 scriptun,

268 3794 344 3864 enjus
357 3796 471 3846 meminit
481 3813 531 3865 pro
545 3791 666 3846 Murena.
1035 3857 1038 3862 Ι

230 3915 233 3926 Α
322 3865 411 3918 Morbi
427 3867 604 3923 excusationi,
623 3865 641 3916 i.
659 3883 681 3916 e.
696 3864 844 3936 judicibus,
863 3866 987 3925 testibus,
1006 3863 1126 3934 ipsisque
1143 3863 1209 3922 reis,
1229 3863 1347 3914 morbum

269 3953 366 3989 causae
383 3954 459 3995 esse,
485 3953 534 3987 eur
551 3937 693 3994 abessent,
720 3935 917 3990 excusantibus.
948 3953 972 3986 r.
990 3934 1064 4003 §.nt
1083 3931 1170 3983 etto.
1208 3933 1260 3983 Sic
1280 3933 1346 3982 Pbil.

268 4007 340 4059 112
354 4013 439 4059 exte:
476 4007 530 4056 Nec
554 4009 604 4056 erit
619 4006 740 4075 justior,
767 4008 796 4058 P.
816 4005 846 4056 C.
871 4007 899 4056 in
919 4014 1036 4056 senatum
1058 4021 1109 4052 reon
1129 4003 1255 4053 veniendi
1271 4002 1347 4054 morbi

248 4095 368 4140 ‘earna,
396 4079 473 4143 quani
486 4078 586 4133 mortis.
620 4079 647 4128 ln
665 4077 719 4127 Pis.
735 4075 769 4128 6:
801 4077 996 4134 Meministine,
1023 4075 1193 4124 excaecatione
1209 4081 1236 4122 te
1252 4075 1291 4124 nti
1306 4090 1345 4122 us·

268 4147 416 4198 letudinis?
436 4165 458 4198 v.
483 4165 507 4214 p.
527 4146 606 4196 Goel.
626 4146 641 4197 I
660 4153 727 4198 extr.
744 4175 774 4188 -·
793 4145 926 4215 Ulpianus
943 4147 971 4196 in
988 4149 1023 4196 ir.
1039 4143 1057 4194 2
1075 4145 1109 4194 I).
1125 4143 1161 4203 2,
1183 4143 1239 4194 ll:
1269 4143 1300 4194 Si
1314 4140 1346 4191 asi

268 4218 441 4268 testimonium
455 4216 633 4274 desideratus,
659 4217 735 4286 [sine
749 4231 794 4266 sno
810 4217 871 4266 dolo
886 4217 955 4267 malo
972 4213 1146 4285 impeditum]
1173 4213 1343 4286 adjudicium

267 4305 402 4338 occurrere
419 4304 470 4337 ison
484 4288 580 4355 potnit,
599 4289 651 4338 erit
665 4289 689 4338 ei
702 4287 911 4338 subveniendum.
947 4286 979 4337 Si
994 4287 1053 4351 qais
1062 4283 1179 4354 jndicio,
1197 4283 1341 4336 ualetudine

264 4358 428 4428 probititus,
451 4374 479 4410 se
497 4359 590 4410 sistere
607 4374 659 4412 non
669 4351 768 4430 possit,
795 4359 946 4431 exceptione
961 4357 1114 4430 saijaamar.
1128 4383 1161 4398 -
1199 4355 1288 4406 Etiam
1300 4354 1340 4404 les
