2766 5026
242 379 333 458 288¹
575 373 1034 458 'enarro'

243 549 340 616 stille
359 549 513 601 tlaemora
533 547 654 600 unicam
674 546 826 600 levaverat.
860 550 919 596 torn
936 542 976 599 M.
999 543 1104 600 Cicero
1125 507 1315 611 exclamarent,

242 619 334 672 arnnia
344 617 504 670 illi-similia
518 618 634 669 crimina
650 635 709 670 esse
726 617 838 686 quaein
851 613 984 670 Milouem
998 619 1159 671 dicerentur
1176 620 1239 672 alia.

193 703 233 760 18
312 705 420 756 Deinde
436 703 575 756 Munatius
595 695 716 755 Plancus
734 703 861 754 tribunus
879 702 918 772 pl.
936 698 1109 773 produierat
1131 707 1161 756 in
1185 706 1318 757 concionem

240 775 282 830 M.
298 776 449 828 Aemiliani
461 773 663 833 Philemonem,
687 781 782 826 notum
797 772 949 835 bominem,
977 776 1108 846 libertum
1118 775 1164 828 M.
1180 777 1280 845 Lepidi.
1301 779 1319 828 is
1378 779 1381 826 3

226 859 272 908 'se
290 847 415 906 dicebat,
442 847 605 915 pariterque
626 863 718 896 secum
735 838 854 913 quatuor
873 843 979 897 liberos
995 846 1118 898 bomiaes
1136 847 1193 900 iter
1213 850 1319 898 iacientes

241 918 452 988 supervenisse,
471 919 532 968 'cum
546 915 664 970 Clodius
680 917 866 974 occideretur,
887 916 924 976 et,
944 918 979 967 ob
996 919 1027 968 id
1041 936 1101 969 cum
1117 919 1319 987 proclamassent,

243 991 392 1059 abreptoS,
421 993 450 1039 et
469 985 620 1058 perductos
639 989 668 1040 iu
686 988 781 1040 villam
802 985 932 1060 Milonis,
965 988 1060 1057 ibique
1079 1007 1131 1058 per
1154 991 1224 1039 duos
1239 1007 1318 1040 mensu
1379 991 1381 1065 ¹

242 1061 404 1130 praeclusos
420 1059 519 1111 luisse:
547 1077 633 1127 eaque
645 1076 708 1119 res,
736 1076 785 1110 seu
800 1075 883 1118 vera,
903 1059 1053 1119 seuielsa,
1078 1077 1205 1127 magnam
1217 1061 1319 1112 invidias

195 1123 235 1178 {tl
243 1131 342 1184 Miloni
362 1137 548 1184 contraxerat.
581 1131 708 1200 idemque
732 1129 871 1180 Munatius
902 1134 931 1180 et
958 1128 1107 1199 Pompeius
1128 1130 1237 1192 tribuni
1255 1131 1320 1198 plia
1380 1125 1381 1186 J

222 1239 225 1254 .
244 1203 349 1254 Rostra
368 1193 559 1272 pr'bduxerant
581 1202 754 1254 triumvirum
771 1199 935 1269 capitalem,
962 1217 1076 1268 eumque
1091 1203 1320 1270 interrogaverant,

237 1291 278 1323 an
291 1269 421 1324 ¹Galatam
431 1272 544 1322 Milonis
558 1271 782 1324 scrvum'caedes
796 1271 943 1321 facientem
960 1271 1200 1340 deprehendisset.
1220 1272 1266 1322 ille
1279 1273 1321 1320 dor·
1379 1279 1381 1294 ¹

196 1379 199 1386 -
242 1344 372 1395 scientem
392 1345 422 1392 in
441 1334 633 1414 taberna'pro
654 1341 774 1409 fugitivo
792 1340 1008 1410 deprehensum,
1039 1349 1067 1394 et
1088 1343 1124 1392 ad
1138 1360 1169 1394 se
1184 1343 1321 1413 perductur

244 1431 303 1466 esse
319 1413 518 1482 respondetote
544 1413 777 1480 denunciaverunt
790 1418 882 1464 tamen
895 1413 1061 1472 triumviro,
1080 1431 1114 1464 ne
1128 1418 1241 1465 servum
1256 1415 1321 1464 renit-
1370 1418 1381 1484 ¹¹

159 1519 161 1534 .
242 1489 327 1538 teret.
354 1485 403 1535 scd
423 1492 536 1552 postera
556 1483 601 1535 ‹lie
620 1482 912 1553 Celiussstribxunuspl.
938 1490 966 1536 et
979 1483 1111 1535 Manilius
1125 1483 1266 1536 Gauianus
1287 1483 1320 1534 col·
1380 1485 1381 1569 ¹

244 1557 309 1624 lega
325 1556 383 1624 ejus
401 1561 555 1623 ereptume
575 1555 661 1605 domo*
672 1555 812 1620 triumviri
828 1571 937 1631 servum
954 1554 1054 1606 Miloni
1072 1553 1266 1607 reddiderunt.

267 1645 268 1648 ’
316 1639 380 1690 Etsi
403 1639 507 1690 nullam
528 1635 566 1688 ‘dc
586 1639 628 1690 bis
646 1640 806 1690 criminibus
821 1643 987 1694 mentionem
1004 1639 1215 1694 iecit‘Clceroa
1243 1651 1319 1696 tamer.
1373 1659 1381 1683 ν

249 1712 364 1780 quisita
378 1705 585 1780 compereram,
600 1711 699 1777 putavi
715 1712 883 1780 exponenda.

197 1779 241 1834 20
318 1781 399 1831 Inter
413 1782 517 1849 primos
535 1785 563 1832 et
583 1779 619 1846 Q.
632 1781 794 1850 Pompeius,
823 1788 851 1835 et
869 1781 905 1834 C.
923 1781 1092 1842 Sallustius,
1111 1789 1140 1834 et
1156 1783 1193 1834 T.
1210 1781 1322 1834 Munatitt

172 1845 174 1853 ¹
245 1851 366 1904 Plancus
388 1851 494 1903 tribuni
514 1852 553 1920 pl.
569 1851 768 1902 inimicissimas
783 1849 929 1904 conciones
943 1854 977 1904 de
990 1853 1094 1904 Milone
1107 1853 1260 1913 habebant,
1279 1853 1324 1902 invi·

248 1925 338 1975 diosas
363 1921 444 1974 ctiam
464 1921 677 1986 depCicerone,
709 1923 784 1990 quod
801 1921 934 1976 Milonem
958 1931 1036 1976 tanto
1058 1927 1160 1976 studio
1177 1925 1323 1976 defenderet

248 1987 363 2062 eratque
381 1993 497 2043 maxima
514 2009 579 2061 pars
596 1993 780 2070 multitqdinis
797 1994 904 2046 infensa
920 2013 974 2046 non
991 1995 1080 2046 solum
1093 1995 1214 2056 Miloni,
1233 1996 1279 2047 scd
1289 1990 1325 2062 ipsi

249 2065 346 2124 atiani,
365 2070 483 2133 propter
501 2065 617 2116 invisum
635 2065 836 2132 patrocinium,
856 2063 998 2117 Ciceroni.

197 2139 237 2196 21
317 2133 421 2186 Postea
436 2133 583 2202 Pompeius
604 2140 632 2186 et
648 2129 799 2187 Sallustius
815 2137 844 2186 in
859 2137 1015 2206 suspicione
1030 2127 1158 2195 raserunt,
1187 2137 1218 2187 iu
1234 2134 1325 2203 qrqtian

247 2206 353 2258 redisse
371 2223 432 2256 cum
448 2205 572 2264 Milone,
601 2222 632 2256 ac
658 2203 806 2257 Cicerone.
842 2207 961 2258 Plancus
985 2213 1075 2260 autem
1091 2207 1269 2259 infestissime
1282 2220 1326 2271 per·

248 2276 339 2337 stitit,
358 2282 439 2344 atque
454 2277 482 2324 in
498 2275 666 2327 Ciceronem
684 2294 792 2344 quoquo
810 2277 1013 2330 multitudinem
1028 2277 1189 2346 instigavit:
1218 2273 1326 2343 Pompeio
1380 2311 1381 2315 ,

247 2355 339 2400 autem
363 2353 520 2414 suspectum
547 2346 669 2397 iaciebat
690 2347 840 2424 Milpnem,
873 2350 908 2399 ad
929 2349 1080 2418 perniciem
1105 2349 1166 2418 ejus
1195 2342 1327 2424 conparari
1380 2349 1381 2370 ¹

246 2421 302 2473 vim
319 2419 505 2470 vociferatus:
533 2413 793 2487 Pompeiusquerob
821 2438 853 2470 ea
874 2421 982 2489 saepius
999 2417 1200 2487 querebatur,
1217 2417 1276 2469 lieri
1291 2414 1328 2464 sibi
1380 2415 1381 2441 ¹

248 2505 357 2558 qnoque
372 2489 503 2547 insidias,
527 2489 597 2538 et'id
611 2482 716 2556 pallam:
733 2505 774 2556 ¹ac
789 2492 893 2612 msq'ore
910 2508 1033 2542 manusc
1049 2490 1185 2542 armabat.
1214 2489 1327 2548 dicturam

249 2577 357 2629 quoque
374 2560 446 2609 diem
462 2557 594 2609 Ciceroni
609 2557 728 2610 Plancus
740 2566 821 2611 'osten

248 2708 280 2756 ut
296 2718 350 2752 non
363 2701 459 2769 populi
473 2720 489 2752 a
507 2719 535 2751 sc
553 2701 734 2760 alienatione,
762 2720 816 2754 non
835 2702 887 2754 Cn.
904 2702 1031 2772 Pompeii
1042 2701 1267 2770 suspicionibus,
1290 2713 1328 2747 nov

247 2772 369 2844 periculi
382 2771 470 2822 iuturi
487 2778 577 2831 metu,
592 2773 626 2822 'si
643 2771 773 2836 sibigdies
792 2765 826 2824 ad
840 2775 973 2842 populum
988 2774 1149 2832 diceretur,
1173 2791 1234 2834 'non
1250 2769 1327 2822 armis·
1378 2771 1381 2836 ¹

249 2861 318 2912 quac
334 2842 426 2912 palam
442 2843 471 2892 in
486 2841 618 2892 Milonem
635 2841 742 2910 sumpta
757 2851 845 2906 erant,
866 2842 1006 2897 deterreri
1019 2845 1144 2913 potuerit
1157 2861 1175 2892 a
1190 2837 1328 2894 Menam
1379 2839 1381 2868 ¹

250 2915 328 2984 ejus,
354 2930 414 2964 cum
430 2919 524 2982 posset
538 2931 616 2964 omne
634 2913 788 2981 periculum
806 2916 882 2966 suum
901 2922 929 2968 et
944 2915 1263 2966 offensioncminimicae
1278 2907 1328 2960 nul·
1380 2913 1381 2932 ¹

248 2985 375 3040 titudinis
392 2985 533 3035 declinare
543 3017 562 3043 ,·
577 2984 817 3037 redimere¹etiaar
833 2985 885 3039 Cn.
900 2985 1028 3056 Pompeii
1043 2985 1168 3045 animum,
1190 2987 1214 3036 si
1227 2981 1329 3055 psallas

250 3073 283 3108 ex
300 3055 391 3106 studio
408 3054 574 3106 detensionis
592 3056 763 3122 remisisset.
807 3055 810 3060 ’

200 3133 240 3190 95
319 3124 434 3176 Perlata
457 3126 555 3176 deinde
575 3125 637 3194 lege
656 3125 799 3195 Pompeii,
824 3125 852 3176 in
876 3145 930 3194 qua
947 3126 978 3178 id
995 3145 1103 3196 quoque
1120 3119 1328 3196 scriptum'erat,
1380 3091 1381 3146 ¹

247 3201 280 3246 ut
299 3197 440 3264 quaesitor
459 3197 591 3264 suffragio
607 3197 704 3282 populi
724 3215 756 3247 ex
773 3197 826 3257 iis,
861 3198 908 3266 qni
923 3199 1060 3252 ,consules
1081 3198 1214 3256 luserant,
1242 3205 1328 3246 creste·

247 3273 312 3324 tur,
332 3267 423 3317 statim
437 3266 677 3328 c‘omitia'baburn
698 3273 864 3335 creatusque
881 3274 941 3319 erat
957 3268 991 3320 L.
1007 3268 1145 3320 Domitius
1162 3261 1328 3318 Aenobarbas
1380 3267 1381 3288 ¹

250 3339 400 3404 quaesitor.
434 3337 563 3388 Aliorum
580 3355 688 3408 quoque
697 3339 838 3408 judicum,
868 3339 915 3407 qui
929 3340 962 3390 de
982 3358 1014 3390 ea
1027 3357 1058 3390 rc
1070 3339 1249 3408 judicarent,
1267 3333 1327 3382 ΡΜ·

249 3407 327 3474 pcius
351 3408 423 3459 tales
446 3409 610 3477 proposuit,
642 3411 844 3476 ‘ut‘numquam
866 3427 955 3480 neque
980 3411 1116 3462 clariores
1133 3410 1227 3468 viros,
1258 3414 1327 3469 neque
1380 3415 1381 3422 ’

250 3479 402 3530 sanctiores
419 3480 578 3548 propositos
597 3497 655 3530 esse
672 3486 821 3531 constaret.
870 3491 876 3498 “

200 3555 242 3609 24
319 3549 389 3600 Post
401 3551 477 3616 quod
493 3551 584 3602 statim
601 3562 671 3603 nova
687 3541 1001 3620 legeMilo¹¹postulatus
1019 3567 1034 3599 a
1051 3549 1157 3606 duobus
1170 3539 1326 3618 Appincto·
1380 3549 1381 3566 ¹

180 3643 181 3646 ¹
251 3621 303 3672 diis
322 3621 560 3680 adolescentibus,
579 3621 690 3680 iisdem,
710 3621 839 3688 aquibus
859 3627 938 3672 antea
953 3621 1061 3671 familia
1075 3621 1133 3690 ejus
1147 3620 1240 3671 luerat
1254 3619 1327 3684 postu·
1380 3683 1381 3688 ¹

248 3691 322 3750 lata,
352 3692 472 3759 itemque
490 3692 524 3742 de
541 3692 646 3743 ambitu
659 3691 692 3742 ab
709 3689 807 3758 iisdem
822 3692 937 3761 Appiis:
966 3699 994 3743 et
1013 3698 1161 3759 practerea
1185 3691 1218 3740 de
1234 3677 1327 3745 viaQ·
1380 3691 1381 3706 ¹

249 3757 397 3820 Petulcio,
418 3769 446 3814 et
463 3760 496 3814 L.
517 3761 686 3814 Cornifieioz
716 3764 750 3814 dc
770 3763 906 3814 sodalitiis
924 3781 940 3812 a
954 3761 987 3813 P.
1004 3762 1104 3814 Fuluio
1120 3761 1234 3812 Nerato.
1252 3757 1326 3826 polit·
1380 3751 1381 3776 ¹

250 3831 323 3882 latus
339 3838 430 3884 autern
443 3839 504 3884 erat
519 3839 547 3886 et
562 3835 596 3885 de
612 3834 767 3892 sodalitiis,
792 3839 820 3884 et
834 3835 868 3884 de
883 3834 986 3884 ambitu
1002 3852 1034 3885 ea
1049 3851 1114 3902 spe,
1143 3828 1326 3901 quodpsimau

196 3955 199 3960 ,
246 3901 382 4023 iudicium
400 3903 434 3954 de
451 3905 478 3956 vi
495 3905 618 3958 futurum
636 3903 807 3974 apparebat,
841 3921 894 3976 quo
914 3921 974 3956 eum
996 3905 1151 3955 damnatum
1172 3903 1209 3953 iri
1228 3893 1326 3952 confldt·

272 3979 336 4032 ant,
355 3990 405 4024 nee
424 3981 522 4044 postea
535 3993 740 4044 responsurum.
846 3977 848 3984 '
1140 4033 1147 4044 .

201 4043 241 4098 aa
321 4043 462 4097 Divinatio
482 4047 515 4097 de
532 4047 636 4098 ambitu
654 4051 844 4097 accusatorum
858 4045 1013 4102 iactaret,
1040 4045 1196 4112 quaesitore
1214 4041 1249 4090 A.
1270 4034 1325 4084 Τθῑ·

252 4119 352 4182 quator
372 4121 454 4182 atquc
467 4118 546 4174 ambo
563 4117 744 4186 quaesitores,
771 4115 930 4182 Torquatus
939 4120 969 4168 et
982 4115 1129 4173 Domitius,
1147 4113 1237 4183 pridie
1251 4107 1325 4158 Nonas

249 4185 320 4252 Apr.
339 4201 416 4236 reum
432 4188 527 4240 adesse
541 4189 693 4258 jusserunt.
722 4204 775 4256 quo
795 4185 839 4236 die
854 4185 926 4236 Milo'
939 4185 975 4235 ad
992 4184 1107 4236 Domitii
1122 4181 1244 4236 tribunal
1258 4173 1324 4254 veuit,

149 4278 151 4286 ¹
251 4256 287 4306 ad
302 4255 441 4324 Torquati
459 4259 560 4312 amicos
575 4259 650 4309 misit
666 4259 722 4316 ibi,
744 4257 907 4325 postulante
927 4273 981 4326 pro
997 4273 1028 4308 eo
1044 4257 1083 4307 M.
1098 4255 1251 4310 Marcello,
1270 4245 1323 4296 obtr·

250 4325 325 4386 nuit,
350 4345 385 4377 ne
400 4329 478 4396 prius
495 4347 604 4382 causans
620 4331 655 4380 de
673 4327 916 4387 ambitudiceret,
936 4345 1016 4396 quam
1032 4327 1066 4380 de
1084 4328 1111 4379 vi
1123 4325 1253 4396 judicium
1267 4315 1322 4368 met

219 4413 220 4416 ’
250 4398 415 4466 perfectura.

1316 4586 1323 4638 l

843 2562 917 2622 ebat,
935 2567 1033 2630 postea
1049 2567 1138 2610 autem
1153 2559 1193 2628 Q.
1204 2557 1328 2627 Pompeias
1380 2557 1381 2584 ³

132 2657 135 2664 ·
198 2623 322 2683 widem
340 2631 480 2681 minitatus
501 2635 574 2681 erat.'
601 2635 677 2682 tanta
693 2637 784 2684 tamen
802 2633 955 2683 constantio
977 2616 1010 2684 alc
1031 2631 1100 2682 fides
1114 2629 1169 2684 tuit
1187 2628 1327 2682 Ciceronis,
1380 2639 1381 2655 ¹
