2802 5028
348 401 399 458 ιιι
434 403 468 456 n.
506 399 807 458 oarrnrnarr.
922 383 927 400 ‘
1025 403 1126 487 ,171

55 571 235 656 perditorum
252 569 414 634 bominum
430 569 632 652 collegerat?
662 593 778 646 nemo,
799 593 866 634 non
885 533 1132 644 malchomus,

57 657 102 716 ssd
117 677 172 716 nec
192 653 261 714 nllo
277 654 311 713 in
328 655 445 734 angulo
461 655 565 716 totius
580 655 716 729 ltaliae,
739 677 915 736 oppressus
934 677 1007 717 aere
1024 655 1131 715 alieno

55 740 114 811 fuit,
135 759 224 822 quem
237 758 301 797 non
316 738 432 800 adhoc
447 739 641 800 incredibile
660 739 796 800 sceleris
811 739 927 800 foedus
944 738 1131 798 adsciverit.

105 822 175 883 Gar.
207 821 246 880 V.
294 823 403 905 Aiquc
435 830 471 882 ut
502 823 572 885 eius
610 823 740 884 diversa
775 823 884 884 studia
912 822 947 882 in
977 821 1130 882 dissimili
1160 819 1181 874 9

55 905 161 966 ratione
184 905 373 986 perspicere
398 905 556 987 possitis,
585 927 679 966 nemo
704 914 756 966 est
778 907 813 966 in
835 906 915 968 ludo
935 904 1131 986 gladiatorio

54 987 145 1068 paullo
168 989 207 1048 ad
225 989 352 1049 facinus
371 989 546 1063 audacior,
600 991 633 1049 ui
656 1010 693 1058 se
718 1011 784 1052 non
802 989 950 1050 intimum
967 987 1132 1050 Catilinae

55 1092 113 1130 esse
129 1071 281 1150 fateatur:
312 1093 404 1132 nemo
421 1073 456 1132 in
472 1014 692 1134 sceualerior
708 1081 741 1134 et
759 1073 917 1156 nequior,
940 1073 997 1154 qui
1014 1094 1048 1133 se
1067 1093 1134 1131 non

55 1155 179 1216 ciusdem
203 1175 307 1238 prope
338 1155 484 1216 sodalem
510 1157 612 1218 fuisse
640 1165 875 1218 commemoret.
918 1156 1027 1239 Atque
1046 1155 1134 1215 idem

53 1247 160 1312 tanen,
196 1249 381 1319 stuprorum
407 1248 441 1300 et
472 1239 630 1301 scelerum
664 1241 900 1302 exercitatione
929 1239 1133 1314 assuefactus

55 1321 173 1398 frigore,
196 1328 229 1381 et
244 1325 349 1396 fame,
371 1329 405 1383 et
422 1321 497 1397 siti,
530 1346 566 1384 ac
583 1322 706 1404 uigiliis
722 1322 946 1405 perferendis,
977 1322 1073 1382 fortis
1093 1319 1133 1380 ab

55 1403 112 1462 istis
124 1404 395 1484 praedicabatur,
418 1429 488 1468 curn
504 1407 685 1468 industriae
702 1407 869 1482 subsidia,
900 1413 997 1488 atque
1005 1405 1133 1468 instru-

45 1491 143 1547 'menta
175 1489 329 1562 virtutis,
374 1491 409 1550 in
443 1489 581 1552 libidine
619 1490 818 1574 audaciaque
855 1495 1131 1556 consumerentur.

55 1567 134 1629 Hunc
152 1591 227 1632 vero
248 1572 279 1632 si
298 1573 404 1634 secuti
424 1581 518 1634 erunt
540 1574 591 1633 sui
611 1575 762 1635 comites:
779 1573 806 1656 ²)
829 1573 859 1634 si
881 1595 922 1632 cx
941 1574 1020 1633 urbe
1045 1570 1131 1632 exie·
1144 1561 1183 1616 ¹⁰

55 1651 107 1712 rint
124 1654 367 1735 desperatorum
386 1656 549 1718 hominum
566 1657 719 1736 flagitiosi
739 1679 869 1738 greges:
893 1677 915 1716 o
927 1661 986 1718 no's
1005 1657 1134 1726 beatos,

57 1756 71 1794 o
88 1737 310 1817 rempublicam
333 1740 548 1813 fortunatam,
582 1761 600 1800 o
617 1741 817 1820 praeclaram
835 1738 964 1799 laudem
985 1737 1134 1799 consula·

58 1824 97 1878 tus
110 1821 187 1886 mcii
208 1822 285 1900 Non
304 1823 387 1884 enim
407 1824 469 1884 iam
490 1831 566 1883 sunt
583 1823 765 1882 mediocres
785 1823 948 1883 bominum
964 1821 1135 1895 libidines,

60 1921 108 1961 non
123 1902 278 1966 humanae
299 1927 335 1966 ac
356 1905 546 1968 tolerandae
570 1905 742 1966 audaciae:
775 1905 860 1964 nihil
881 1905 1047 1985 cogitant,
1069 1903 1135 1964 nisi

65 1986 169 2061 caedes,
198 1989 268 2048 nisi
286 1979 458 2064 incendia,
486 1989 556 2050 ‘nisi
573 1987 720 2070 rapinas:
742 1989 936 2070 patrimonia
950 2011 1008 2048 sua
1024 1987 1135 2068 profu·

64 2066 169 2132 derunt:
193 2073 344 2134 fortunas
366 2095 441 2134 suas
459 2073 706 2154 obligaverunta
722 2071 750 2156 ²)
783 2093 835 2135 res
855 2093 911 2132 eos
933 2071 1136 2152 iampridem,

97 2228 121 2296 l)
144 2231 167 2284 si
195 2207 239 2284 scii
268 2232 373 2286 fuerint
398 2234 510 2286 comites
534 2232 631 2284 secuti.
667 2231 698 2300 fl)
717 2229 928 2301 obligurierunt.

58 2349 390 2368 w

96 2423 126 2474 v.
145 2425 167 2494 fi.
185 2425 214 2477 9.
253 2442 334 2475 scena
353 2454 385 2466 -
403 2426 523 2494 nequior.
543 2425 617 2482 ilinc
635 2426 669 2476 fr.
690 2425 705 2477 I
725 2427 762 2477 I).
779 2425 814 2485 ὅ,
834 2423 870 2476 22
896 2425 1037 2476 Praetoris
1053 2423 1138 2474 uerba

55 2490 144 2545 dsunt:
170 2495 287 2564 infernin
305 2503 431 2557 notatur,
458 2498 504 2564 qui
528 2499 596 2548 artis
621 2495 742 2548 ludicrae
762 2495 989 2565 pronuntinndiue
1011 2495 1138 2546 cacumin

53 2573 139 2614 scenam
149 2567 294 2636 prodierit.
319 2561 356 2619 ἰ.
376 2567 446 2635 Nep.
464 2569 552 2636 praef.
570 2569 637 2620 Tac.
652 2568 696 2617 IV
715 2565 761 2618 11.
796 2568 813 2617 I
838 2567 896 2618 77:
932 2566 1024 2616 Marito
1049 2565 1137 2616 decer·
1238 2591 1241 2596 ·

53 2643 152 2698 nuutur3
179 2657 212 2688 ex
235 2639 297 2704 quis
321 2641 433 2688 maxime
455 2639 590 2708 iusiqniu:
626 2639 668 2688 Nc
691 2638 779 2690 domos
794 2637 1015 2707 pantomimorum
1028 2643 1139 2688 senator
1219 2691 1222 2697 ,
1278 2631 1286 2664 ”

52 2705 175 2767 introiret,
194 2729 226 2758 ue
244 2709 407 2778 egredientes
424 2709 452 2758 in
464 2710 600 2777 publicum
618 2711 719 2775 equites
735 2710 769 2760 R.
786 2711 928 2780 cinqerent.

96 2778 257 2848 assuefactus
277 2797 337 2830 cum
352 2799 417 2830 casu
434 2787 527 2840 sexto,
546 2788 577 2832 ut
593 2781 710 2848 saepius.
740 2781 821 2832 Uret.
838 2778 937 2898 1113.
952 2775 1006 2827 59:
1026 2793 1138 2841 quorum

52 2863 154 2899 srmone
167 2849 315 2917 assuefacti
331 2853 376 2918 qui
393 2855 477 2900 erunt.
503 2852 585 2902 Brut.
604 2850 643 2902 59
659 2871 720 2920 pr.:
749 2849 893 2920 Suspicor·
931 2848 1032 2898 arionis
1043 2847 1136 2914 patrio

50 2915 121 2984 finisse
144 2921 267 2971 instituto
288 2941 357 2990 puro
380 2939 497 2991 sermone
524 2919 702 2989 assuefactum
724 2922 835 2974 donurm.
872 2921 932 2972 Lir.
955 2918 1059 2968 XXXI
1080 2915 1137 2968 552
1242 2953 1249 2970 1

52 3005 120 3058 praru
132 3010 254 3062 pugnae,
281 3010 331 3058 quo
347 3000 496 3042 assrrerant.
531 3005 557 3045 v.
575 2991 700 3050 Gronov.
717 3001 744 3045 et
760 2992 902 3043 Drakenb.
917 2990 953 3040 ad
971 3007 995 3040 e.
1010 2988 1030 3038 l.

95 3069 303 3114 consumerentur
322 3065 407 3116 estin
428 3063 497 3131 Teg.
511 3063 569 3115 Sal.
585 3064 666 3116 Parr.
685 3065 807 3133 mclipris
825 3069 925 3122 notae,
953 3060 1003 3110 sed
1024 3059 1054 3108 in
1071 3072 1137 3112 non·

52 3154 124 3206 nullis
138 3167 318 3208 remunerent
335 3176 394 3209 curu
408 3161 562 3226 compendii
577 3168 644 3212 nota
660 3159 812 3227 scriptum,
831 3157 902 3208 unde
920 3154 1021 3206 ceteris
1045 3169 1127 3202 cvm

53 3235 128 3278 neret.
162 3246 188 3280 r.
206 3229 280 3278 infra
299 3231 321 3298 ξ.
337 3229 385 3280 25.
404 3229 477 3282 Phil.
495 3231 573 3280 XIII
593 3230 648 3282 112
668 3229 820 3285 inlustris,
836 3228 959 3296 popinis,
979 3225 1056 3282 alea,
1074 3223 1138 3273 vino

53 3302 138 3365 tenpru
155 3301 255 3350 aetatis
273 3317 345 3350 ornne
361 3298 573 3368 consrunpiisres.
964 3297 966 3302 ’

97 3369 118 3434 fi.
138 3368 184 3420 10.
221 3371 246 3420 si
266 3371 350 3422 secreti
371 3377 448 3419 erunt
470 3373 512 3419 sui
531 3372 645 3420 comiter.
679 3370 726 3420 Ita
743 3368 847 3436 leqitur
865 3369 892 3418 in
912 3367 982 3434 Teg.
1000 3362 1140 3416 SalrErn.

54 3433 122 3490 l'rrr.
143 3440 168 3490 1.
186 3439 214 3492 ὅ.
233 3440 261 3492 7.
280 3441 307 3494 8.
329 3441 431 3493 Grues.
446 3447 475 3493 et
493 3440 599 3492 duobus
615 3441 720 3492 Mureti
737 3441 835 3497 libris,
864 3439 908 3490 cni
933 3439 986 3488 iste
1011 3450 1140 3485 numerus

54 3511 128 3576 nugis
144 3513 290 3579 probatur.
310 3510 430 3563 Codices
446 3513 628 3571 recentiores,
643 3510 778 3579 Arebiep.
795 3511 822 3560 b.
840 3508 921 3558 Pari.
932 3509 960 3559 ft.
978 3507 1006 3558 5.
1022 3505 1051 3557 4.
1067 3503 1095 3554 θ.
1110 3501 1139 3554 9.

54 3576 130 3632 ΒιιιΙι.
147 3583 299 3650 praebent:
326 3585 410 3634 secuti
427 3582 585 3648 fiurtnrrro’
603 3570 720 3632 comiten-
754 3578 973 3648 v.infra§.19.
1063 3584 1068 3591 ’

98 3654 233 3704 audaciae.
269 3672 296 3723 p.
317 3654 398 3705 Sulla
410 3653 469 3716 '272
503 3654 613 3704 Peuitus
629 3654 795 3723 introspicite
813 3649 966 3707 Catilinae,
993 3644 1141 3702 Autronii,
1246 3664 1249 3674 “

56 3717 170 3793 Cctlreqi,
188 3725 299 3776 Lentrdi
312 3733 507 3791 ceterorumque
524 3732 637 3782 mentes,
658 3741 725 3789 quur
743 3743 789 3774 cor
810 3725 839 3773 in
857 3722 899 3771 bis
919 3717 1053 3775 libidines,
1073 3732 1142 3782 quae

53 3790 167 3862 flagitia,
185 3814 251 3861 quas
269 3787 464 3864 turpitudines,
483 3803 598 3861 quantas
616 3795 762 3854 audacias,
790 3811 868 3860 quarn
883 3789 1052 3842 incredibiles
1067 3787 1142 3855 lirro-
1183 3798 1185 3802 '

55 3879 106 3920 Μ’,
124 3867 188 3933 quas
206 3874 284 3917 notas
303 3867 446 3925 scelerum,
466 3883 534 3932 quae
550 3867 652 3916 indicia
664 3866 881 3933 parricidiorum,
902 3869 1015 3930 quantos
1032 3869 1142 3910 acmes

55 3930 192 4006 sucinorum
209 3939 368 4006 reperietis?
406 3955 431 3990 v.
448 3956 475 4006 p.
492 3939 522 3988 S.
539 3937 643 3989 Roscio
659 3937 682 4004 ξ.
698 3936 747 3989 67.

101 4007 297 4078 obliquum-rant,
316 4009 427 4076 pignori
443 4026 479 4060 sc.
497 4007 543 4061 vel
560 4010 684 4077 pignoris
697 4009 804 4058 nomine
828 4003 884 4072 [fr.
910 4000 951 4053 20
965 4002 1007 4056 J).
1030 3997 1087 4058 46,
1115 3997 1144 4048 5·

57 4071 88 4123 fr·
102 4075 141 4128 ld
157 4079 192 4130 l).
208 4079 263 4140 ὅθ,
283 4080 333 4146 2].
370 4081 552 4132 Restituenda
577 4080 642 4130 mihi
663 4079 810 4132 videbatur
828 4074 897 4126 haec
921 4073 1039 4124 omnium
1060 4070 1141 4120 Parr.

58 4141 132 4198 fleu„
158 4147 277 4205 Grae'rv.
309 4151 451 4218 L.4Barb.
483 4152 586 4211 lectio,
623 4150 810 4218 quae-,verbis
837 4165 930 4214 seqq:
964 4143 1032 4215 fides
1059 4155 1144 4206 nuper

58 4211 157 4288 delicere
173 4221 365 4290 coepit·(·buuc
384 4224 508 4273 ordinem
526 4222 661 4291 praebent
679 4221 745 4271 libri
764 4221 844 4268 Parr.
866 4225 894 4268 et
910 4215 1018 4281 Bari.)
1041 4211 1143 4280 optimc

60 4291 191 4342 conuenit..
227 4295 275 4346 Sic
301 4295 373 4360 Agr.
399 4293 449 4343 111
471 4296 506 4344 hl:
547 4293 662 4361 praedia
682 4293 773 4342 soluta
794 4291 903 4339 meliore
926 4289 955 4336 in
973 4301 1055 4336 caussa
1081 4286 1144 4329 runt

61 4373 128 4418 qrrarn
142 4363 267 4434 obliquata.
287 4383 312 4416 v.
330 4364 402 4414 Phil.
419 4364 446 4412 V
459 4364 505 4416 18.
526 4365 604 4415 Suet.
615 4365 700 4430 Vesp.
717 4361 751 4413 ll:
771 4360 865 4412 Rediit
880 4357 966 4409 nihilo
984 4353 1143 4423 opulcntior,

62 4434 86 4476 ¹2⁸
103 4423 161 4497 tbi,
182 4435 424 4508 propevlabesneta
434 4435 497 4507 jam
517 4436 586 4508 fide,
619 4435 707 4485 onrnin
738 4432 854 4503 praedia
886 4427 972 4498 fratri
1004 4422 1143 4494 otltpnru.
