2854 5024
181 315 184 320 ’
286 346 366 406 rna
386 345 475 402 anx.
491 342 864 402 aoso1oannaruo.
1091 349 1147 426 65

60 519 323 600 iudicer,‘nequa
343 513 505 600 quomodo
529 515 655 590 dicam,
686 535 794 599 nequa
818 513 979 600 quomodo
1001 523 1146 590 taceam,

58 601 187 684 reperire
217 620 359 682 possum.
414 595 451 660 Si
483 599 567 675 enim
596 608 712 672 taeeo;
744 598 991 661 vel-maximam
1020 607 1147 682 partem

59 687 212 768 relinquor
245 677 297 744 ein
320 688 428 744 autem
448 682 547 755 dico;
577 703 717 754 vercor,
739 702 780 742 ne
803 703 870 743 non
890 673 948 742 ille
972 683 1064 760 solus¹
1086 683 1153 767 (id

59 769 137 852 quod
153 769 197 828 ‚ad
217 789 267 828 me
289 763 375 826 nihil
397 765 540 842 attinet)
572 766 633 828 sed
664 765 721 825 alii
751 787 880 848 quoque
901 765 1013 847 plures
1037 766 1146 828 laesos

60 875 89 912 se
117 873 185 915 esse
214 857 343 931 putent.
397 847 544 908 Tametsi
572 849 620 920 ita
649 869 684 908 se
714 869 767 908 res
801 849 921 922 lrabet,
953 856 991 910 ut
1011 850 1092 911 milri
1112 850 1148 910 in

59 955 242 1013 communem
272 953 401 994 causam
432 938 596 992 sectorum
628 931 802 993 dicendum
833 932 919 992 nihil
951 953 1146 1013 magnopere

58 1020 209 1079 videatur:
246 1011 342 1076 llaec
376 1014 460 1076 enim
491 1037 588 1078 causa
615 1034 701 1076 nova
728 1017 877 1096 profecto
907 1022 940 1077 et
970 1013 1145 1098 singularis
1156 1026 1217 1082 {25

61 1111 119 1162 est·
145 1103 309 1164 Bonorum
332 1097 407 1160 Sex.
431 1097 546 1159 Roscii
567 1107 693 1178 emptor
715 1105 767 1158 ert
789 1099 1036 1183 Chrysogonus.
1074 1099 1148 1160 Pri-

59 1207 133 1246 mum
152 1183 215 1244 hoc
236 1181 423 1246 videamus:
447 1181 516 1242 eins
540 1180 679 1243 hominis
703 1181 790 1243 bona
811 1205 874 1264 qua
891 1183 1020 1243 ratione
1039 1183 1151 1252 venie-

60 1276 144 1340 runt,
165 1275 219 1328 aut
242 1265 402 1348 quomodo
424 1265 535 1326 venire
557 1265 764 1347 potuerunt?
797 1266 907 1348 Atque
930 1265 992 1330 hoe
1015 1266 1151 1328 nonita

61 1373 218 1432 quaeram,
250 1349 402 1422 iudices,
433 1355 470 1408 ut
499 1348 534 1408 id
564 1349 670 1409 dicam
693 1369 766 1408 esse
787 1348 977 1428 indignum,
1009 1348 1151 1411 hominis

61 1434 233 1494 innocentis
266 1431 353 1495 hona
382 1432 524 1493 venisse.
582 1432 620 1494 Si
651 1431 736 1516 enim
766 1430 847 1492 lraeo
880 1432 1078 1506 audientur,
1113 1454 1152 1494 ac
1226 1463 1229 1474 ·

60 1514 153 1576 libere
182 1517 354 1578 dicentur:
385 1515 540 1576 nonfuit
571 1523 686 1576 tantus¹
714 1514 809 1576 homo
838 1515 914 1576 Sex.
943 1516 1087 1577 Roscius
1116 1515 1153 1576 in

64 1600 206 1674 civitate,
239 1607 277 1660 nt
300 1599 341 1658 de
364 1597 629 1680 eevpotissimum
656 1619 901 1682 conqueramur.
944 1597 1067 1660 Verum
1088 1597 1162 1659 hoe·

11 1747 14 1756 .
65 1704 118 1761 ego
138 1704 276 1766 quaero,
310 1681 366 1764 qui
395 1690 572 1762 putuerunt
600 1681 665 1742 ista
686 1681 758 1762 ipsa
780 1681 875 1761 lege,
908 1705 990 1765 qnae
1013 1683 1054 1742 de
1077 1703 1153 1764 pro·

66 1766 229 1846 scriptione
252 1767 323 1838 est,
347 1765 416 1826 sive
437 1763 571 1824 Valeria
592 1772 662 1838 est,
686 1764 753 1825 sive
776 1764 956 1838 Cornelia3
978 1787 1044 1826 non
1066 1766 1152 1840 euim

67 1849 155 1921 novi,
183 1871 245 1935 nee,
263 1851 355 1922 sei03
391 1869 501 1908 verum
523 1847 590 1908 isti
611 1849 684 1928 ipsu
704 1848 796 1928 lege,
829 1848 915 1910 bona
938 1849 1013 1910 Sex.
1036 1848 1152 1932 Roscii

56 1933 169 1994 ,venire
190 1933 244 2016 qui
262 1931 463 2014 potuerunt?
495 1930 658 2011 Scriptum
681 1933 766 1990 enim
787 1929 834 1990 ita
855 1930 981 1991 dicunt*
994 1950 1080 2005 esse,
1102 1947 1222 2005 urmss
1278 1935 1279 1944 ’

71 2034 310 2076 noanneane
330 2035 533 2087 vaunnam,
565 2035 631 2084 our
653 2035 907 2092 rnoscnrrar
937 2035 1150 2099 auarequo
1388 2021 1390 2026 “

70 2096 241 2160 innumero
264 2099 339 2158 Sex.
361 2097 502 2177 Roscius
525 2119 591 2158 non
614 2103 682 2156 est:
725 2118 799 2158 sur
829 2114 988 2171 noenu,
1021 2119 1089 2169 our
1112 2118 1153 2160 ru

67 2201 396 2244 anvensanroauu
421 2202 672 2244 *rnansrnrss
718 2179 872 2251 ooorsrs
899 2201 1004 2242 suun.
1068 2181 1155 2242 Dum

62 2266 216 2342 praesidia
239 2265 307 2325 ulla
328 2266 480 2336 luerunt,
513 2265 549 2324 in
570 2262 681 2325 Sullae
704 2263 878 2344 praesidiis
901 2263 974 2324 luit.
1017 2265 1155 2324 Postea·
1250 2330 1260 2351 ⁸

63 2369 149 2428 quam
169 2351 209 2410 ab
233 2349 329 2408 armis
347 2356 569 2421 recesserunt,
590 2347 625 2408 in
640 2357 762 2408 summo
780 2347 848 2407 otio
864 2347 996 2408 rediens
1014 2370 1032 2407 a
1054 2369 1157 2409 eoena

61 2426 173 2492 Romae
197 2433 329 2500 oceisus
352 2440 413 2492 est.
457 2431 493 2491 Si
520 2431 612 2512 lege3
648 2430 733 2492 bona
763 2452 891 2514 quoqne
920 2430 993 2511 lege
1022 2431 1155 2492 uenisse
1203 2439 1207 2447 “

60 2513 175 2576 fateor:
210 2517 264 2576 ain
286 2523 393 2590 autem
415 2523 564 2588 constat,
594 2522 708 2576 contra
730 2517 841 2576 omnes
863 2537 929 2576 non
950 2515 1045 2577 modo
1067 2522 1158 2575 vete-

59 2617 106 2656 res
128 2599 244 2680 leqes,
274 2599 504 2659 verumetiam
524 2609 655 2670 novas,
680 2597 824 2666 occisum
847 2619 942 2658 esse:
984 2597 1156 2681 bonaque

58 2678 143 2756 inre,
166 2691 225 2744 ant
248 2705 311 2766 quo
333 2682 450 2756 modo,
474 2687 530 2742 a'ut
552 2704 615 2765 qua
635 2680 709 2762 lege
730 2679 912 2762 venierint,
935 2701 1067 2763 quaero.

56 2844 149 2856 *-
173 2859 178 2864 ,

105 2964 127 3032 5.
149 2963 220 3016 125.
256 2963 313 3012 siue
328 2958 454 3014 Valeria.
491 2961 613 3021 Nescire¹
628 2979 657 3013 se
677 2961 797 3021 simulat,
815 2967 847 3013 ut
861 2958 993 3030 iniquitas
1004 2963 1067 3032 ,ojus
1085 2959 1157 3029 legis

57 3036 144 3101 potius
159 3037 191 3085 in
213 3034 247 3085 L.
267 3033 412 3084 Valerium
430 3033 561 3084 Flaccum
587 3033 686 3084 eadere
712 3034 858 3093 uideatur,
888 3033 935 3100 qni
955 3051 981 3086 a.
998 3051 1024 3083 u.
1045 3051 1068 3083 e.
1087 3031 1157 3082 671.

58 3106 177 3156 interrex
202 3105 310 3156 clectus
329 3105 464 3164 comitiis,
496 3098 695 3172 quibus'Sulla
715 3104 835 3154 dictator
853 3103 964 3170 legibus
982 3103 1159 3172 perferendis

57 3177 320 3243 constituendaeque
340 3175 511 3242 reipublicae
538 3179 648 3224 oreatus
674 3180 733 3233 est,
760 3174 883 3242 praefuit
909 3172 1053 3242 legemque
1082 3174 1158 3232 tulit,

57 3254 85 3296 nt
103 3249 202 3306 omnia,
214 3247 401 3314 ‘quaeeunque
416 3245 612 3302 -ille'.leeisset,
632 3251 722 3296 essent
738 3251 809 3297 rata.
846 3231 916 3294 Eaim
933 3248 1050 3296 omnium
1066 3245 1159 3310 legum
1239 3289 1242 3294 .

57 3317 269 3384 iniquissimam,
304 3317 566 3383 dissimillimamque
592 3316 663 3382 legis
688 3317 757 3366 dicit
782 3315 885 3366 Cicero
911 3315 939 3368 in
964 3314 1041 3368 Rull.
1060 3315 1110 3370 ΠΙ
1130 3313 1180 3383 9.,

56 3373 137 3440 veri.
157 3385 286 3442 111552
322 3386 363 3436 'De
383 3387 464 3438 Sulla
492 3386 550 3456 leqe
565 3387 680 3454 pupulus
699 3387 834 3436 Romanus
845 3385 987 3456 jusserat,
1019 3393 1050 3436 ut
1074 3386 1159 3454 ipsius
1300 3383 1303 3390 ’

56 3459 179 3509 uoluntas
196 3457 299 3528 populo
319 3458 353 3508 lt.
373 3465 440 3508 esset
456 3457 593 3528 proloqu.
629 3475 655 3510 r.
674 3458 749 3526 App.
770 3454 804 3507 C.
823 3454 983 3507 198-99.
1242 3463 1245 3470 '

102 3525 273 3598 praedicitis,
291 3527 316 3580 lr.
340 3548 365 3580 e.
384 3531 497 3588 castris,
516 3545 551 3596 p.
565 3519 727 3579 Caeeslltle
760 3529 789 3577 ire
801 3528 869 3576 uteie
888 3527 986 3576 eastris
1001 3523 1160 3594 praesidiis·

56 3617 102 3666 que
128 3601 262 3664 versaris.
308 3597 392 3666 Quod
417 3599 491 3668 apud
515 3599 663 3666 Polybium
688 3599 780 3648 XXII
801 3597 854 3664 ¹15.
883 3597 1001 3665 legiturs
1036 3595 1106 3650 καθ’
1127 3593 1161 3650 ὃν

56 3667 541 3809 lltlt1d²ltl⁰²,.tt⁶‘.dtt
534 3670 682 3810 matt
684 3669 932 3794 ‘'littttusslss..
942 3667 1043 3788 'iiii
1067 3665 1161 3804 Li'i'i'

59 3811 91 3862 Li
112 3852 119 3864 .
140 3812 161 3862 9
183 3819 221 3862 ek
234 3809 281 3861 10.
1092 3859 1093 3869 ,

94 3831 278 3933 grecesserunt
297 3888 339 3932 est
357 3882 385 3932 in
403 3881 484 3932 Parr.
506 3879 532 3932 l.
550 3875 590 3942 ἃς
609 3879 787 3930 discesserunt
805 3880 833 3930 in
853 3884 918 3930 cett.
938 3875 1019 3928 codd.
1036 3881 1118 3944 atque
1134 3875 1164 3926 in

58 3953 119 4004 edd.
140 3953 270 4004 Romana
288 3959 317 4002 et
335 3953 462 4014 Veneta3
489 3954 620 4002 recessum
638 3959 694 4010 est,
721 3953 795 4020 quod
812 3949 932 4023 protulit
950 3947 1163 4005 Lallemundus‚
1207 3953 1214 3966 ”

58 4040 107 4091 ego
129 4025 244 4092 quidem
262 4024 290 4074 in
308 4019 386 4073 nullo
404 4023 486 4074 Parr.
505 4023 604 4073 inveni·
918 4021 922 4074 ]

108 4091 253 4160 quomodo.
289 4094 435 4146 Ernestius
454 4093 631 4144 scribendum
648 4096 747 4160 putat,
776 4106 827 4158 quo
847 4105 926 4139 ruore.
964 4087 1041 4156 Quid
1067 4087 1164 4138 modus

56 4163 130 4214 inter
147 4166 198 4236 jus
218 4169 246 4216 et
264 4165 375 4232 legem?
412 4165 454 4222 At
471 4183 499 4233 p.
519 4163 626 4215 Scauro
647 4165 672 4232 ᾗ.
690 4160 747 4214 ὅΊε
783 4159 864 4210 Nihil
884 4177 969 4218 mure,
988 4159 1060 4213 rutil
1078 4156 1164 4215 modo,

58 4235 128 4284 nihil
158 4235 347 4295 considerate,
384 4243 480 4288 eontra
507 4236 623 4304 improbe
651 4262 683 4274 -
711 4233 808 4283 orrsnin‘
824 4230 922 4280 uidetis
949 4249 1006 4280 esse
1031 4235 1164 4302 suscepta.

57 4305 145 4356 Verr.
167 4305 204 4356 11
223 4303 257 4360 dr
296 4305 328 4357 Sl
347 4306 460 4358 laumano
479 4305 574 4362 modo,
600 4306 625 4354 ri
643 4305 744 4355 usitato
763 4301 891 4359 maresci
909 4299 1023 4366 denique
1042 4315 1094 4350 rano
1114 4299 1165 4348 ali-

59 4393 110 4440 que
131 4377 165 4426 iu'
181 4393 278 4446 persero
293 4384 439 4447 peccasset.
476 4394 503 4444 p.
523 4375 587 4426 Clu.
608 4375 664 4425 552
691 4374 752 4446 Nou
768 4372 822 4441 suit
841 4372 927 4456 iqitqr
950 4371 1021 4422 illud
1030 4368 1166 4441 judicium

607 4469 609 4477 =
837 4474 843 4483 ·
898 4455 917 4490 υ
