2766 5026
96 321 101 349 l
144 297 146 304 .

261 373 356 429 rito
384 374 420 471 T3
446 373 600 429 ntimo
626 373 823 428 Minoas.
850 405 852 417 ·
1007 375 1090 451 559

35 543 95 604 villa
111 562 167 602 non
184 541 307 603 inisset.
349 539 458 606 Video
477 541 581 615 enim,
603 540 713 615 illum,
737 541 793 626 qui
812 540 935 603 dieitur
952 542 993 603 de
1012 542 1093 628 Cyri

32 635 112 686 morte
135 625 313 699 nuntiasse,
353 646 419 685 uon
442 625 478 684 id
501 625 691 698 nuntiasse,
726 625 785 686 sed
803 625 1093 708 Milonemappro·

32 710 168 790 pinquare.
187 723 275 770 'nam
305 707 384 791 quid
422 708 462 768 de
491 708 579 792 Cyro
610 707 797 782 nuntiaret,
834 731 928 793 quem
953 709 1092 774 Clodius

32 791 110 852 Roma
127 792 328 872 proficiscens
348 789 528 874 reliquerat
548 791 763 852 morientem?
806 791 878 853 Una
898 791 962 852 fuis
990 801 1092 854 testa·

32 883 144 934 uentum
167 874 258 936 simul
277 873 448 954 obsignavi
473 896 544 934 oum
563 874 702 935 Clodio:
733 882 963 936 testamentum
989 885 1095 938 autem

31 956 259 1036 palamieoerat‚
291 966 324 1036 et
348 958 441 1034 illum
462 957 617 1018 heredem
639 966 672 1018 et
691 979 740 1018 me
759 964 946 1040 scripserat.
990 960 1096 1035 Q'uem

31 1039 112 1120 pridie
130 1039 204 1100 hora
226 1041 325 1102 tertia
346 1041 481 1102 animam
495 1042 660 1110 ,efflantem
679 1041 893 1125 reliquisset,
925 1065 997 1103 eum
1013 1065 1096 1105 mor·

32 1131 98 1181 tuum
111 1123 261 1203 postridie
279 1124 358 1186 bora
379 1124 505 1196 decima
523 1124 665 1207 denique
688 1125 718 1184 ei
734 1126 970 1186 nuntiabatur?

76 1207 141 1266 Ger.
171 1207 264 1268 xlx.
318 1209 409 1288 Age,
446 1208 490 1268 sit
517 1207 565 1269 ita
590 1207 728 1268 laetum:
769 1230 852 1292 quae
881 1231 1002 1283 eausa,
1039 1224 1147 1278 eures

33 1286 133 1348 honam
162 1291 379 1372 properaret?
415 1313 474 1351 eur
499 1291 683 1352 in‘noetem
705 1312 740 1352 so
769 1292 974 1353 eoniieeret?
1018 1293 1097 1376 quid

35 1370 153 1432 afferebat
176 1373 468 1457 festinationis?²)
507 1374 596 1458 quod
619 1374 714 1434 heres
737 1376 832 1436 erati
871 1355 1008 1457 primum
1028 1384 1098 1435 erat

35 1453 106 1527 nihil,
133 1477 187 1515 eur
211 1466 387 1538 properato
414 1478 495 1538 opus
518 1465 622 1517 esset:
658 1457 801 1532 deinde,
834 1441 863 1520 si
891 1459 970 1543 quid
988 1466 1098 1530 esset,
1174 1511 1176 1518 ,

34 1537 88 1618 quid
109 1539 232 1599 tandem
260 1549 348 1614 erat,
380 1541 468 1625 quod
489 1562 526 1600 ea
544 1549 642 1601 noete
665 1543 824 1625 consequi
840 1550 975 1622 posset,
1007 1543 1098 1602 amit-

31 1627 93 1680 teret
108 1631 230 1697 ·antem,
263 1623 292 1686 si
314 1613 476 1705 postridie
494 1645 585 1684 mane
604 1623 737 1686 Romam
751 1625 923 1686 venisset?
966 1625 1099 1709 Atque,

32 1703 107 1780 atilli
124 1714 300 1768 nocturnus
321 1706 362 1767 ad
384 1708 495 1766 orbem
509 1707 667 1766 adventus
684 1707 837 1768 vitandus
852 1709 983 1789 potins,
1029 1731 1101 1769 uam

34 1789 199 1866 expetendus
214 1790 293 1850 fuit:
318 1790 366 1851 sie
383 1789 526 1862 Miloni,
550 1811 622 1850 eum
638 1790 813 1851 insidiator
828 1799 937 1865 esset,
961 1792 990 1851 si
1006 1733 1100 1851 iilum
1167 1829 1173 1838 -

36 1868 63 1926 ad
82 1873 179 1933 urbem
207 1882 310 1935 noetu
341 1895 531 1934 aeoesurum
558 1873 700 1946 sciebat,
737 1865 971 1937 subsidendum
1003 1883 1101 1958 atque

37 1974 105 1986 ...-

73 2007 93 2074 1)
105 2013 234 2067 afferebat
254 2031 363 2065 eausam
381 2014 575 2066 teretinationi.

37 2142 121 2204 quiden,
145 2148 249 2216 inquit,
277 2149 415 2199 tolles-ensa
442 2147 490 2201 sed
509 2148 641 2218 relinquo.
677 2159 704 2201 s.
720 2147 804 2201 Tuae.
817 2147 851 2200 11
867 2147 914 2200 16.
941 2149 970 2198 in
986 2146 1042 2198 Pis.
1061 2146 1102 2198 st

36 2219 83 2263 extr.
111 2217 174 2270 Mox
187 2220 300 2270 Ersnrt.
315 2221 384 2271 Bav.
401 2217 465 2270 eld.
481 2219 579 2271 Lamb.
595 2221 711 2271 dieatser.
900 2267 902 2278 Α

69 2290 246 2343 testamentum.
283 2290 318 2340 In
336 2291 399 2341 Eri.
416 2296 444 2342 et
464 2290 527 2342 old.
545 2291 578 2342 L.
595 2293 706 2342 additur
724 2288 800 2359 Cyri.
811 2317 843 2330 --
857 2289 1103 2360 'Testamentorpns

31 2360 238 2416 geuern·t'uerunt
262 2362 336 2421 tris,
363 2378 445 2412 unum
469 2364 545 2429 quod
564 2363 661 2414 calatis
685 2363 820 2420 comitiis,
848 2361 966 2412 alterum
984 2361 1058 2427 quod
1075 2359 1104 2409 in

29 2427 155 2490 procinctu,
174 2434 291 2485 tertium
307 2434 382 2500 quod
399 2449 450 2500 per
466 2451 512 2490 nes
529 2438 557 2484 et
572 2432 672 2484 libram
689 2433 858 2503 appellatum
870 2438 920 2482 est.
956 2432 1020 2482 Illis
1038 2431 1103 2481 duo-

29 2489 65 2544 hus
73 2497 193 2563 abolitis,
204 2503 259 2554 hoe
270 2503 367 2564 solnm,
388 2502 461 2570 quod
476 2520 528 2571 per
546 2521 591 2555 aes
602 2511 630 2562 et
639 2505 738 2555 libram
748 2503 842 2562 fiebat,
860 2503 889 2552 iu
902 2521 953 2553 usu
967 2508 1104 2555 retentum

29 2572 71 2616 est:
85 2570 110 2619 in
125 2590 177 2640 qno
191 2579 361 2626 testamento
378 2572 514 2642 libripens
530 2573 730 2634 adhibebatur,
759 2581 787 2626 et
801 2573 921 2625 homiliae
941 2579 1048 2632 emtor,
1078 2578 1106 2623 et

29 2647 66 2686 non
78 2642 156 2694 minus
170 2663 252 2713 quam
267 2646 386 2715 quinque
403 2650 497 2695 testes.
525 2643 661 2712 Quoniam
676 2647 816 2714 negotium
829 2644 1018 2713 peragebatur
1032 2645 1106 2694 inter

29 2710 164 2764 testatorem
188 2723 218 2776 et
235 2711 358 2766 familiae
376 2720 526 2774 emtor-em,
552 2715 579 2766 ln
598 2734 622 2768 e.
642 2733 719 2776 eum,
747 2718 808 2775 eui,
835 2723 980 2784 postquam
995 2714 1107 2765 tabulas

30 2781 159 2836 testamenti
175 2788 340 2856 scripserat,
360 2790 478 2848 testator
495 2785 563 2837 diois
579 2787 816 2855 gratiadamiliam
833 2805 908 2837 suam
921 2784 1105 2853 maueipnbat,

26 2841 87 2901 heres
108 2857 185 2908 testis
207 2875 269 2909 esse
290 2863 432 2926 poterat3.
446 2856 471 2906 is
490 2874 574 2918 vero,
600 2860 647 2925 qui
670 2858 699 2907 in
715 2864 853 2926 potestate
871 2857 1031 2914 testatoris,
1059 2859 1107 2905 aut

26 2917 125 2976 familiae
151 2930 266 2980 imteris
297 2933 375 2986 erat,
410 2928 490 2978 testis
518 2928 725 2998 aut'libripens
752 2927 879 2979 adhiberi
903 2944 958 2977 non
985 2930 1106 2995 poterat.

25 2985 107 3044 Postea
122 3015 194 3052 vero,
205 3015 297 3069 neque
313 2998 397 3054 heres
413 2997 533 3068 scriptus
550 2999 579 3048 in
595 3001 655 3050 eod.
672 3005 835 3051 testamento
853 2999 933 3048 testis
956 3015 1014 3049 erse
1027 3002 1106 3064 pote-

24 3068 71 3121 Μ,
96 3069 158 3134 quia
170 3087 251 3122 omne
266 3068 318 3120 hoe
333 3069 473 3136 negotium
487 3069 562 3121 inter
575 3075 738 3121 testatorem
755 3075 783 3121 et
799 3069 930 3120 heredem
948 3069 993 3134 agi
1011 3066 1107 3118 crede·

23 3127 96 3185 hatur.
131 3138 195 3191 (iai.
209 3141 239 3194 J.
256 3140 297 3190 II.
315 3140 339 3208 5.
352 3138 409 3190 101
421 3158 497 3208 seqq.
528 3141 594 3209 Ulp.
612 3141 723 3208 Fragm.
740 3140 789 3191 90.
800 3141 824 3207 5.
836 3140 892 3190 let
903 3138 950 3189 10.
968 3138 996 3190 J.
1010 3135 1106 3196 il,ss.

23 3199 50 3251 ir.
65 3203 101 3255 20
116 3208 151 3258 l).
171 3211 229 3271 28,
252 3211 279 3262 l.
316 3210 470 3261 Praeterea
491 3211 526 3262 ir.
550 3211 599 3261 50.
620 3211 639 3261 l.
664 3229 705 3262 ea
740 3209 871 3282 Singulos
891 3216 987 3267 testes,
1015 3208 1108 3273 quiin
1169 3215 1171 3220 “

23 3277 157 3330 testamento
176 3282 359 3339 adhibentem,
374 3283 485 3351 proprio
502 3280 681 3352 chirographo
698 3280 830 3332 adnotare
844 3280 982 3338 eonvenit,
1007 3280 1108 3346 quiret
1183 3295 1185 3306 ⁴

23 3344 83 3412 cujus
94 3355 279 3402 testamentum
292 3353 448 3422 signaverit.
863 3405 867 3412 .

59 3417 153 3484 gaiam.
174 3423 242 3492 Ulp.
257 3423 287 3472 in
300 3408 335 3473 ii.
350 3423 399 3475 21.
415 3424 434 3474 l.
452 3439 491 3472 οη
517 3420 623 3472 Licebit
636 3423 748 3472 testanti
763 3419 807 3471 sel
821 3429 973 3488 nuncupare
988 3416 1107 3476 heredes,

21 3484 61 3532 vel·
73 3493 195 3545 seribere.
235 3492 292 3544 sed
314 3495 340 3543 si
360 3499 510 3561 nuncupat,
529 3492 622 3560 palam
642 3493 726 3543 debet.
766 3490 840 3561 Quid
858 3498 899 3540 eat
913 3489 1028 3559 pulani?
1055 3504 1108 3537 non

22 3555 97 3622 atique
109 3563 137 3612 in
146 3565 303 3633 publicam,
322 3563 370 3614 red
386 3570 415 3614 nt
430 3562 555 3615 exaudiri
566 3565 654 3632 possit
670 3575 688 3613 a
706 3563 826 3612 testibus.
849 3580 874 3614 v.
886 3562 996 3628 Fragm.
1007 3557 1056 3615 20,
1075 3556 1105 3607 9.
1142 3585 1144 3590 ·

20 3622 73 3742 ξύ·
89 3631 107 3680 l.
125 3651 148 3684 e.
167 3635 191 3703 5.
206 3634 327 3695 lous-
353 3634 499 3688 Particula
517 3633 631 3702 denique
656 3635 736 3686 abest
750 3639 769 3683 'a
792 3633 911 3702 quinque
931 3632 1011 3683 Parr.
1032 3626 1107 3679 08¹.

43 3703 130 3753 erretis.
1048 3735 1050 3740 ,

62 3769 140 3824 xlx,
166 3775 190 3842 5.
210 3773 263 3826 49.
306 3772 436 3842 afferebat
460 3773 651 3843 festinationis.
695 3774 751 3825 sie.
774 3790 866 3825 omnes
889 3773 950 3824 iere
978 3769 1108 3828 codices,

19 3849 119 3902 praeter
138 3844 241 3897 Calon.
260 3846 307 3913 qui
320 3847 418 3897 inserit
434 3863 533 3902 eausa,
560 3847 633 3913 quod
653 3845 681 3894 in
699 3861 806 3895 eausam
821 3844 936 3894 mutauit
951 3841 1107 3892 Ernestius.

19 3907 99 3962 Aldus
116 3917 210 3966 senior
231 3917 333 3968 edidit:
354 3915 419 3983 qnid
435 3914 509 3984 affin.
521 3913 682 3983 festinatio?
711 3914 848 3967 etPaull.
862 3913 1018 3964 Manutius:
1043 3909 1109 3978 quid
1194 3945 1196 3954 .

19 3978 56 4046 aff·
70 3982 358 4050 festinationemi‘ln
382 3987 475 4040 serbis
498 3988 643 4038 antecedd.
664 3986 746 4037 Parr.
764 3985 790 4037 l.
809 3984 837 4036 6.
864 4003 925 4036 eum
944 3984 988 4035 ed.
1011 3982 1108 4033 anb.
1192 3995 1198 4031 ι

21 4049 253 4109 {hiberniticum
272 4072 342 4125 quae
357 4075 439 4108 eausa
455 4056 530 4125 suit?

63 4127 256 4178 subsidendum.
293 4128 338 4180 Ita
353 4128 417 4178 Ert'.
434 4129 501 4181 Bas.
519 4127 618 4178 Fabrr.
633 4126 721 4193 Lagg.
739 4124 768 4178 9.
785 4123 834 4175 90.
847 4122 898 4174 45.
915 4121 935 4174 6
949 4129 978 4174 et
992 4120 1030 4172 l8
1042 4139 1077 4176 m.
1087 4137 1109 4169 s.

22 4187 54 4240 ¹3
76 4214 131 4247 sar.
152 4198 222 4248 libri
243 4199 332 4250 Medii
354 4207 382 4250 et
403 4198 499 4248 Lamb.
523 4196 598 4248 051.
623 4197 711 4247 Arch.
734 4213 769 4246 m.
793 4213 836 4262 pr.
856 4196 882 4244 d.
904 4212 992 4261 marg.
1008 4190 1108 4242 Pani

20 4265 78 4313 tert.
112 4285 137 4319 ι.
155 4269 232 4320 inira
248 4270 271 4338 5.
289 4269 348 4328 dl,
374 4287 427 4337 quo
444 4269 562 4320 tortasse
578 4269 682 4318 referri
699 4266 801 4316 debent
815 4265 902 4317 verba
918 4263 1068 4314 Frontonis
1081 4261 1111 4312 in

22 4327 66 4384 ΕΙ.
83 4336 161 4392 Eine.
180 4359 209 4409 p.
227 4337 302 4391 5482
333 4339 464 4391 Subsedit
479 4339 564 4389 itiam.
592 4339 668 4408 Virg.
684 4338 753 4386 Aen.
771 4333 899 4389 ΧῙ968.
924 4335 1111 4385 Deuiatnm

23 4401 128 4458 Asta·
145 4411 311 4462 subsedit
328 4411 482 4462 adulter.
510 4408 636 4460 Subsedit
656 4410 684 4458 in
702 4407 759 4459 iilo.
780 4403 836 4458 cis.
851 4425 878 4475 p.
897 4406 960 4456 stit.
987 4403 1120 4465 Suebri,

542 4531 549 4560 i
781 4527 792 4560 d
