2766 5026
288 375 381 441 ano
404 336 440 430 τ.
464 374 619 430 nanno
642 373 840 430 ossanna.
937 338 940 345 ’
1020 369 1105 446 355

87 545 154 606 en.
179 543 302 606 XXVI.
351 533 460 621 vide,
489 568 585 630 quam
615 542 660 606 sit
689 541 780 606 varin
810 541 898 604 vitae
928 541 1155 602 commota-69

37 627 154 712 bilisqne
181 627 284 702 ratio,
314 651 409 714 quam
429 651 511 710 vaga
530 628 752 711 volubilisque
787 628 938 700 fortuna,
966 633 1106 707 quantae

36 709 219 772 infidelitates
240 712 275 772 in
297 713 505 794 amicitiis¹),
528 735 622 796 quam
646 713 686 773 ad
708 720 836 792 tempus
860 717 954 791 aptae
977 707 1107 768 simula·
1146 745 1148 754 ·

36 795 139 868 tiones,
166 804 302 877 quantae
334 797 369 857 in
399 797 556 878 periculis
579 797 674 875 fugae
697 796 932 877 proximorum,
966 800 1106 875 quantae

36 877 211 938 timiditates.
254 879 341 953 Erit,
364 880 428 942 crit
445 880 529 941 illud
546 882 696 962 proiecto
715 888 856 960 tempus,
880 884 913 937 ct
934 875 1109 958 illucescet

37 959 183 1043 aliquando
204 960 262 1022 ille
286 964 379 1038 dies,
402 985 474 1024 cum
496 974 545 1038 tu,
567 963 789 1036 salutaribus,
812 969 848 1022 ut
872 961 987 1041 spero,
1008 959 1106 1020 rebus

36 1044 102 1118 tuis,
138 1045 195 1104 sed
227 1046 368 1117 fortasse
401 1056 491 1109 motu
523 1047 634 1132 aliquo
676 1045 889 1108 communium
906 1050 910 1060 '
927 1051 1108 1123 temporum

39 1124 236 1209 [innatatis],
266 1129 465 1214 (quiquam
488 1132 602 1192 crebro
626 1131 772 1204 accidat,
803 1126 1108 1226 experti'debcmas

39 1207 133 1292 scire),
155 1220 187 1272 et
209 1213 398 1275 amicissimi
417 1214 693 1289 benevolentiam,
715 1223 749 1274 et
771 1208 953 1294 gravissimi
967 1208 1108 1271 bominis

79 1416 99 1484 t)
113 1419 138 1468 n
156 1420 258 1472 amen.

38 1627 211 1689 urbanissimus,
239 1631 355 1681 omnium
371 1630 557 1701 pravissimum
574 1639 601 1683 et
615 1633 809 1686 severissimum
823 1640 848 1684 et
864 1651 936 1691 esse,
964 1638 990 1681 et
1002 1629 1108 1688 videri,

39 1698 88 1763 qiud
99 1701 139 1750 isti
156 1697 301 1768 [Crasso]
317 1703 430 1772 contipit
443 1704 506 1760 nni,
527 1701 556 1754 id
571 1704 635 1754 mibi
650 1706 699 1766 nix
714 1705 850 1773 ferendum
865 1704 1017 1754 videbatur.

75 1777 246 1822 antestaretur.
266 1769 393 1822 Verbum
411 1773 532 1825 forense.
552 1773 648 1844 Schol.
664 1774 752 1844 Grnq.
767 1777 802 1825 nd
816 1775 889 1825 Hor.
902 1776 962 1825 sat.
976 1773 993 1822 Ι
1008 1771 1038 1829 9,
1054 1769 1109 1821 ⁷62

41 1835 148 1892 detestari
153 1844 179 1913 vi.
193 1861 215 1895 e.
232 1849 328 1912 testem
343 1842 442 1911 facere.
481 1842 568 1904 Olim,
588 1847 634 1912 quai
649 1847 854 1903 antestabntnr,
873 1852 984 1915 tanqens
1003 1843 1109 1892 anricu-

44 1905 78 1956 lss
92 1912 152 1980 ejus,
179 1931 256 1980 quens
280 1920 372 1964 testem
391 1916 530 1983 cupiebat,
557 1916 600 1966 bis
615 1918 705 1967 verbis
721 1917 897 1983 loquebatur:
933 1915 1013 1964 licet
1035 1921 1109 1962 urete-

43 1982 103 2030 stan't
119 1985 142 2034 si
155 1984 203 2035 ille
221 1984 418 2053 respondisset:
444 1985 538 2053 Lieetr
560 2004 611 2057 per
625 1987 791 2057 injectionem
807 2004 898 2036 manus
911 1987 973 2054 ipse·
983 1983 1109 2040 satanan

41 2050 89 2111 qlod
99 2056 120 2104 ei
135 2072 185 2105 uon
198 2056 354 2124 paruisset,
373 2055 558 2108 adversariam
573 2077 649 2108 sunm
663 2060 692 2108 in
703 2059 833 2128 indicium
847 2058 979 2126 rapiebat.
1005 2053 1109 2117 Quodsi

39 2126 155 2176 setestatus
170 2144 223 2177 non
238 2133 324 2184 esset,
343 2133 369 2176 et
384 2145 488 2178 manum
503 2128 619 2179 vadatus
636 2130 786 2197 injecisset,
805 2127 922 2198 injuriae
936 2144 996 2178 reus
1012 2125 1109 2176 consti·

38 2191 65 2238 lui
73 2201 173 2259 poterat.
209 2198 249 2250 Et
267 2196 363 2249 schol.
381 2199 469 2252 Acus
507 2198 639 2250 Solebant
660 2203 766 2250 testium
790 2218 869 2249 aures
890 2205 993 2256 tenere,
1020 2197 1109 2247 etita

37 2257 116 2314 dicere:
140 2267 291 2325 Memento,
310 2267 382 2335 qnod
396 2275 426 2318 ta
439 2269 504 2320 mibi
521 2271 549 2321 in
565 2271 617 2321 illa
632 2290 714 2322 carna
732 2272 808 2320 testis
822 2271 885 2320 eris.
1071 2319 1076 2341 χ

73 2332 168 2389 XXVI.
187 2340 209 2408 ξ,
229 2337 280 2390 69.
321 2339 398 2389 Vide.
436 2339 562 2410 Hittorp.
582 2343 669 2393 codex
688 2349 715 2394 el
731 2343 797 2392 Par.
814 2342 829 2393 l
846 2347 913 2392 text.
930 2337 1015 2396 vides,
1035 2335 1110 2404 quod

35 2408 158 2460 sententiae
172 2410 379 2462 convenientias
391 2411 477 2462 visum
496 2420 538 2463 est
557 2411 689 2463 Grutero.
725 2413 759 2462 ln
775 2431 832 2462 rem
849 2409 990 2462 Demostb.
1007 2427 1034 2478 p.
1053 2425 1112 2463 cor.

35 2467 86 2532 ill,
102 2475 152 2529 102
182 2481 237 2536 Ἢν
257 2481 390 2551 (τύχην)
410 2483 427 2536 ὁ
445 2485 486 2556 τὰ
504 2481 643 2550 βέλτιστα
662 2484 800 2555 πράττειν
819 2485 960 2555 νομίζων,
981 2485 1033 2535 καὶ
1051 2480 1110 2554 aiei·

33 2557 83 2605 tttv
99 2544 171 2618 ἔχειν
190 2554 330 2626 οἰόμενος
350 2555 405 2606 οὐκ
425 2550 507 2607 oller
558 2561 583 2607 st
608 2557 737 2619 τοιαύτη
787 2563 845 2610 evei
893 2558 955 2626 έχρι
981 2555 1032 2605 καὶ
1059 2555 1110 2616 τῆς

34 2607 79 2668 laci
93 2637 139 2693 ας,
158 2627 215 2688 πῶς
230 2625 290 2698 χρὴ
304 2625 367 2741 napi
382 2624 495 2689 ταύτης
512 2594 603 2690 linear
619 2645 644 2677 κ.
654 2642 680 2679 τ.
699 2621 725 2680 λ.
746 2575 806 2675 (iic.
822 2575 1039 2685 aeliamxm.
1059 2619 1107 2671 29.

33 2694 50 2746 l·
102 2725 108 2738 .
132 2691 219 2742 Notae
234 2698 301 2742 sunt
314 2692 336 2740 ti
355 2693 364 2740 i
381 2693 529 2745 varietates
548 2711 662 2744 meorum
681 2699 833 2763 temporum.

66 2757 89 2806 in
110 2763 242 2813 anaieitiis.
280 2760 432 2830 Egregium
457 2763 527 2815 hanc
552 2764 617 2816 lect.
641 2770 753 2815 tuentur
778 2765 858 2833 Parc.
885 2763 921 2814 lt:
942 2760 969 2812 6.
1000 2761 1018 2812 l‘
1040 2766 1109 2816 text.

31 2815 112 2880 briant.
135 2839 161 2884 et
177 2833 274 2884 Lamb.
301 2833 329 2882 in
346 2851 432 2901 marg.
454 2833 495 2886 etl.
516 2833 605 2891 1584.
642 2836 691 2885 Sic
710 2837 791 2887 Tusc.
807 2836 835 2887 V
852 2835 891 2886 22
906 2851 966 2903 pn:
1006 2830 1108 2893 Quant-
1134 2860 1138 2867 ·

30 2906 86 2956 opere
102 2919 160 2953 vero
183 2903 320 2954 amicitias
347 2903 531 2966 desideraret,
561 2924 680 2972 quarum·
695 2905 879 2977 infidelitatem
903 2906 1107 2961 extirnesceoat,

28 2959 162 3026 declaravit.
181 2976 214 3026 (le
230 2975 322 3025 Amic.
341 2974 395 3025 90:
420 2975 502 3030 Recte
518 2978 640 3046 praecipi
651 2975 741 3045 potest
756 2981 784 3027 in
800 2976 936 3027 amicitiis.
962 2974 1036 3024 lhid.
1055 2973 1107 3026 lb:

28 3029 103 3098 Sperne·
124 3046 155 3095 ab
180 3047 215 3096 iis
239 3050 342 3096 veteres
365 3048 518 3106 amicitias,
547 3047 683 3118 indalqeri
700 3051 784 3098 rionis.
821 3049 856 3096 ln
874 3062 932 3095 rem
952 3044 1013 3099 Cic.
1033 3045 1051 3094 1.
1067 3064 1107 3097 e.:

29 3099 136 3162 Celantur
161 3115 312 3184 [tyranni]
336 3122 423 3167 tamen
439 3117 610 3168 simulatione
626 3117 770 3168 dumtaxat
785 3116 822 3167 ad
838 3124 957 3186 tempus3
992 3115 1063 3182 quod
1082 3116 1108 3166 si

25 3169 92 3254 illst,
123 3191 152 3233 nt
166 3187 198 3258 fit
216 3187 388 3256 pleramque,
422 3189 583 3247 ceciderint,
615 3194 669 3236 tum
692 3189 871 3258 intelligitur,
908 3205 987 3254 qraam
1005 3185 1109 3254 fiaerint

26 3257 96 3314 inopes
112 3258 261 3307 amicornm.
299 3257 338 3307 Et
353 3259 448 3326 paullo
468 3260 555 3309 infra:
591 3258 740 3310 Multorum
759 3277 819 3327 opes
835 3259 1047 3328 praepotentium
1062 3253 1107 3308 e'x-

26 3313 114 3396 ‘Meni
127 3329 261 3378 amicitias
275 3327 377 3399 fideles.
414 3330 459 3380 lb.
475 3348 497 3381 c.
515 3329 549 3380 82
573 3328 712 3379 Utilitates
729 3329 833 3396 quidem
849 3331 929 3379 etiam
945 3330 978 3378 ab
995 3330 1030 3380 iis
1046 3347 1107 3398 per-

26 3389 137 3452 cipiantur
149 3417 243 3468 saepe,
263 3400 310 3466 qni
318 3401 489 3450 simulatione
500 3401 641 3450 'amicitiae
656 3402 782 3451 coluntur
794 3408 821 3451 et
831 3402 1007 3450 observantur
1024 3417 1107 3450 causa

27 3459 135 3526 temporis.
155 3498 185 3509 -
222 3470 257 3519 ln'
274 3470 367 3521 verbis
384 3472 512 3522 subnexis
532 3470 602 3525 Gar.
622 3489 653 3522 ex
670 3471 804 3540 Ephianis
826 3472 965 3540 excerptis
981 3472 1105 3538 reecpit:

27 3539 119 3590 truncae
133 3538 168 3590 ad
182 3547 281 3609 tempus
298 3549 378 3610 aptae
392 3549 442 3593 etc.
462 3561 513 3611 pro
532 3561 587 3610 qua
607 3541 726 3596 lectione
746 3561 838 3594 omncs
855 3543 937 3593 Pars.
961 3543 1106 3610 ceterique
1204 3567 1205 3570 ¹

28 3600 114 3655 ludices
129 3608 246 3662 babent:
265 3630 345 3679 priam
358 3613 395 3662 nd
410 3621 510 3682 tempas
526 3621 606 3682 aptae
621 3619 670 3664 etc.
987 3660 990 3670 ,

63 3669 127 3726 Erit.
162 3679 255 3732 Julius
273 3683 363 3734 Rufio.
380 3686 414 3737 de
432 3685 528 3751 Figur.
547 3702 569 3734 c.
586 3681 642 3734 Ην
662 3681 827 3756 Aracaeli,
854 3681 1051 3739 interminatio,
1079 3686 1106 3730 et

29 3744 85 3814 nasi
107 3747 272 3814 denunciatio
297 3773 403 3814 eorum,
433 3774 502 3822 quae
522 3754 619 3824 fntnra
641 3763 711 3804 sunt.
750 3752 807 3804 Cic.
820 3772 848 3822 p.
865 3753 987 3802 Milones
1016 3751 1107 3801 Erit

37 3807 78 3890 lle
102 3826 202 3886 atque
221 3824 414 3876 illucescet
431 3826 519 3878 dies.
558 3823 717 3893 Corruptus
737 3832 779 3876 est
794 3824 895 3893 procul
914 3823 999 3874 dubio
1017 3824 1105 3873 omnis

30 3893 56 3962 ”i
71 3884 141 3940 locas
158 3893 185 3942 in
202 3894 283 3946 libris
300 3894 386 3958 Mein
405 3915 468 3947 nnm
485 3903 520 3953 τὸ
538 3895 723 3962 salutaribus,
747 3913 800 3964 pro
816 3914 868 3962 qun
885 3913 908 3946 v.
926 3895 992 3960 Ant.
1008 3894 1105 3962 Augu-

31 3953 203 4022 tmussalois,
240 3974 268 4017 ct
285 3966 354 4022 Gar.
372 3967 527 4018 salubribus
547 3967 684 4038 conjecit,
712 3984 794 4033 quum
816 3968 844 4016 in
862 3967 929 4016 Bav.
955 3967 1106 4017 invenisset

31 4020 220 4092 'alubritatibns,
240 4055 371 4109 nusquam
386 4037 440 4090 boc
454 4039 564 4108 quidem
582 4037 783 4104 significatione
800 4037 912 4106 legitur.
951 4036 1105 4088 Praeterea

32 4089 113 4170 filas.
128 4101 154 4152 9.
172 4107 260 4163 Arch,
275 4109 345 4160 Ven.
367 4107 450 4160 1499
462 4127 548 4176 marg.
565 4107 651 4160 flers.
667 4108 783 4178 aliisque
802 4114 863 4158 ante
879 4106 909 4160 Ρ,
923 4105 1029 4164 Manent,
1048 4108 1103 4156 edi·

32 4173 50 4210 ¹⁸
65 4164 159 4236 legitur
175 4177 343 4244 inmutatus,
363 4197 435 4247 quae
452 4198 506 4232 vox
523 4181 631 4231 omnino
650 4179 729 4230 abest
745 4179 779 4229 nb
794 4179 904 4228 Erfnrt.
921 4174 961 4245 [in
976 4195 1102 4228 commun.

33 4237 104 4306 mil]
127 4251 330 4314 utroque-Bar.
355 4247 444 4302 llarb'.
466 4249 536 4308 Gar.
560 4250 633 4302 03¹.
661 4249 739 4300 Pers.
764 4250 789 4301 l.
807 4249 833 4302 2.
852 4247 878 4299 5.
893 4245 921 4300 4.
936 4247 1001 4299 δ,6
1028 4247 1053 4298 i.
1069 4246 1099 4298 8.
1188 4295 1194 4303 Δ

33 4295 95 4429 'lanst-
118 4321 147 4367 nt
166 4319 306 4389 vulgatam
331 4321 479 4374 innectatis
503 4321 581 4374 nulla
602 4321 664 4375 tere
689 4319 769 4374 codd
795 4315 1102 4384 auctoritatatem&
