2782 5022
1004 213 1006 220 .
1099 191 1103 222 t
1200 198 1211 220 x

398 319 458 373 ln*
479 321 513 376 1..
539 320 840 378 CATILINAM.
970 392 981 412 l
1103 325 1185 402 W

96 499 214 570 septum
237 506 308 550 esse
330 489 522 550 arbitrabor.
565 492 695 568 Quodsi
717 513 817 554 meam
840 510 929 574 spem
952 495 1000 554 vis
1024 494 1186 575 improbo·
1279 501 1282 507 ’

95 595 157 634 mm
177 571 332 633 fefellerit
356 581 454 672 atque
478 575 697 653 superaverit:
728 577 916 637 commendo
939 578 1031 640 vobis
1053 597 1187 660 parvum

93 679 190 716 meum
211 656 331 730 filium,
354 678 407 717 cur
430 659 579 738 profecto
603 659 682 718 satis
707 659 769 718 erit
791 659 971 739 praesidii,
994 682 1060 722 uon
1082 661 1187 722 solum

93 738 299 812 adsalutem,
321 761 431 821 verum
454 742 551 801 etiam
574 743 614 801 ud
638 742 840 822 dignitatem,
864 743 891 802 si
915 743 1002 814 eius,
1027 745 1083 828 qui
1106 745 1186 804 baec

93 823 192 883 omniu
221 844 279 882 suo
309 822 411 884 solius
431 821 457 906 ¹)
486 823 634 905 periculo
662 825 924 900 conservaverit,
964 827 1056 888 illum
1085 827 1185 888 lilium
1363 891 1366 898 .

93 928 159 966 ese
173 905 201 986 ²)
223 905 446 967 memineritis,
489 909 697 988 Quapropter
726 909 765 969 de
789 915 910 970 summa
933 910 1038 971 salute
1062 920 1236 990 vestran
1283 905 1289 919 '

13 1049 14 1054 ,
90 989 263 1073 populique
287 989 443 1062 Romani,
464 997 575 1070 patres
599 993 799 1072 conscripti,
831 994 872 1052 de
894 994 1017 1062 vestris,
1038 993 1183 1073 coniugi·

92 1074 145 1130 bus
167 1095 203 1132 ac
226 1072 363 1145 liberis,
388 1073 428 1132 de
452 1072 515 1133 aris
540 1073 710 1147 uelocis,
734 1077 774 1135 de
800 1075 884 1136 sanis
909 1099 946 1138 ac
967 1076 1119 1157 templis,
1143 1078 1183 1136 de

12 1207 14 1216 .
92 1155 184 1228 totius
207 1155 298 1216 urbis
320 1155 419 1217 tectis
443 1177 480 1215 ac
504 1157 657 1233 sedibus,
691 1159 731 1218 de
753 1160 913 1240 imperio,
941 1160 986 1219 dc
1009 1159 1184 1232 libertate,

92 1238 126 1298 de
147 1237 257 1299 salute¹
277 1238 408 1312 Italiae,
432 1239 537 1324 deque
560 1241 711 1302 universa
729 1242 899 1325 republica
920 1243 1086 1326 decernite
1111 1241 1185 1303 dili·
1271 1253 1273 1268 ¹

12 1345 15 1350 ·
91 1331 219 1400 genter,
252 1330 291 1384 ut
309 1323 533 1397 instituistis,
565 1347 602 1384 ac
624 1325 764 1386 fortiter.
808 1326 950 1387 Habetis
974 1349 1045 1387 eum
1068 1349 1185 1388 eonsu-

137 1531 164 1592 l)
182 1547 232 1580 suo
251 1531 338 1608 solus.
376 1530 409 1598 ll)
428 1531 601 1584 essefiliuua.
625 1558 667 1599 a,
870 1501 876 1514 Ι
981 1520 985 1528 ¹

15 1839 16 1842 Ἴ
90 1782 109 1822 et
125 1774 233 1844 plastica
255 1776 346 1844 patris
367 1776 501 1844 elapsum,
527 1775 723 1842 nibilnsquam
739 1766 907 1836 cibitatum,
932 1780 987 1828 nisi
1009 1779 1081 1846 apud
1095 1779 1184 1830 bootes

13 1857 15 1864 ¹
91 1843 116 1893 1.
135 1845 279 1912 Tarquinii
297 1845 450 1908 credidisse.
479 1846 584 1898 Tibull.
599 1846 643 1897 lv
662 1846 696 1906 1,
716 1847 770 1898 85ι
802 1848 897 1899 Tutum
912 1850 1009 1898 eastris
1022 1850 1185 1918 praeducere

13 1911 15 1914 ’
91 1914 185 1980 sussum.
224 1916 318 1968 Tacit.
333 1911 433 1984 Agris.
454 1916 510 1968 50:
537 1907 674 1968 Proelium
687 1926 769 1984 atque
786 1936 870 1977 arma,
891 1937 959 1985 queas
974 1917 1091 1988 fortibus
1105 1919 1184 1972 bone·
1257 1965 1261 1972 ,

12 2029 13 2032 ,
92 1993 137 2044 ata,
155 1987 248 2038 eadem
266 1989 346 2037 etiam
360 1989 465 2058 iprensis
481 1987 614 2038 tutissima
630 1996 699 2040 snrrt.
738 1988 950 2040 v.Ann.158.
1110 2023 1113 2028 ι
1201 2029 1207 2038 .

13 2119 14 2124 ¹
132 2060 199 2108 satis
212 2057 357 2127 praesidii.
395 2059 431 2108 ad
447 2059 523 2110 Fam.
540 2059 575 2109 11
592 2057 631 2110 16
645 2076 708 2128 pag.
724 2057 784 2110 1116
801 2057 887 2113 Gara:
924 2058 999 2109 Filio
1019 2075 1088 2116 meo,
1108 2087 1140 2099 -
1159 2062 1184 2108 ei

91 2129 133 2176 erit
153 2128 218 2180 ulla.
230 2130 400 2196 respublica,
428 2131 495 2180 satis
515 2131 628 2200 amplum
639 2132 831 2200 patrimonium
847 2131 996 2196 relinquam
1014 2131 1042 2179 in
1059 2132 1184 2178 memoria

12 2201 13 2213 ¹
90 2199 191 2250 nominis
211 2201 279 2249 naci:
299 2201 341 2249 sin
355 2208 442 2250 autem
459 2201 535 2250 nulla
550 2203 617 2260 em't,
636 2201 707 2254 nibil
723 2200 826 2251 accidet
842 2204 867 2251 ei
880 2201 1026 2270 separatim
1039 2218 1056 2250 a
1071 2200 1184 2265 reliquis
1216 2209 1218 2214 '

13 2267 15 2284 ‘
89 2271 189 2320 ciuibus.
212 2301 245 2310 -
282 2269 327 2320 Ex
352 2271 462 2322 Erfurt.
481 2271 555 2323 Hitt.
571 2271 618 2322 Vi.
637 2271 753 2323 Graevii
772 2273 861 2340 primo
886 2279 914 2323 et
936 2271 1074 2321 nonnullis
1101 2270 1182 2320 Parr.
1282 2303 1284 2314 .

89 2346 161 2406 atque
177 2343 267 2394 Bavv.
284 2347 427 2409 receptum
444 2349 485 2393 est
499 2361 546 2392 suo
565 2343 652 2393 solius
660 2380 668 2402 ,
696 2361 748 2411 pro
774 2361 828 2410 qna
851 2343 971 2394 lectione
996 2342 1078 2392 Parr.
1102 2338 1129 2393 ⁷.
1154 2341 1182 2391 ll.

13 2407 15 2412 ’
89 2411 164 2460 solius
178 2427 246 2471 suo,·
265 2411 339 2462 Par„
350 2413 376 2463 l.
396 2425 455 2464 cunt
470 2413 559 2466 Palat.
576 2415 665 2482 primo
682 2415 725 2463 sui
741 2414 826 2464 solius
843 2414 989 2482 praebent,
1010 2419 1038 2464 et
1052 2411 1182 2478 vulgatur

13 2487 14 2490 ’
86 2483 223 2533 suosolus.
261 2501 287 2533 v.
306 2489 375 2534 nott.
396 2485 431 2534 ad
451 2484 558 2553 §.tet
572 2483 723 2536 sulcat.
739 2485 762 2556 5
779 2483 806 2534 9.
826 2485 874 2534 Ad
887 2485 988 2536 Rutilii
1004 2483 1077 2552 Lupi
1092 2483 1182 2532 locum

88 2552 127 2602 cit.
144 2571 176 2604 ex
193 2555 344 2622 Lycurgo:
376 2553 459 2604 Unius
477 2572 558 2623 opera
573 2573 629 2603 rrrea
646 2573 698 2604 non
712 2557 871 2604 concitatum
886 2555 982 2605 belluam
996 2573 1049 2604 nou
1065 2571 1181 2604 necessa·

87 2625 254 2682 riamscitis,
283 2619 462 2676 Ruhnkenius
480 2643 541 2692 pag.
558 2623 597 2676 23
616 2626 712 2676 laudat
730 2625 840 2680 ciaad
854 2627 915 2678 Att.
934 2626 980 2675 xl
997 2625 1052 2675 itt:
1090 2624 1180 2675 Solius

12 2752 13 2756 Ἰ
87 2695 146 2742 enim
160 2713 241 2746 uicum
253 2703 392 2764 peccabam
409 2697 510 2765 corripi
528 2714 580 2746 nan
593 2703 691 2764 potest.
727 2715 755 2765 p.
774 2697 871 2747 Sextio
888 2695 948 2748 60:
982 2697 1010 2745 in
1027 2697 1105 2746 senius
1125 2713 1181 2744 mea

12 2759 13 2771 ¹
86 2765 173 2816 salute.
201 2797 233 2806 —
269 2766 447 2837 filiurnesse.
485 2767 567 2818 Hunc
594 2767 742 2818 verborum
770 2768 895 2816 ordinem
921 2767 1059 2836 praebent
1089 2783 1181 2816 omues

87 2842 196 2900 quatuor
210 2839 299 2887 Barv.
314 2837 443 2905 plerique
461 2837 621 2889 Parr.'cum
635 2839 804 2888 Erfurtensi.
1377 2895 1378 2898 Ἴ

131 2909 153 2973 ξ.
172 2905 220 2958 21.
259 2904 511 2976 dearisuctfocis.
549 2927 573 2960 v.
592 2901 846 2960 not.ao1110atl
872 2905 939 2974 §22
976 2906 1179 2956 Festusiuv.;
1217 2957 1219 2962 ,
1320 2961 1321 2964 ¹

86 2973 181 3026 Fanum
195 2997 211 3028 a
228 2977 258 3026 F
262 2976 327 3028 nnc
346 2978 478 3046 [Fauno]
497 2979 611 3037 dictum,
638 2981 694 3029 sice
709 2998 726 3028 n
740 2977 867 3046 faudo,
890 2977 961 3042 quod
978 2977 1040 3026 dum
1055 2973 1180 3043 pontifis

85 3045 199 3106 dedicat,
227 3056 301 3100 certa
322 3049 511 3118 verbosatur.
549 3051 644 3100 Varro
661 3052 694 3100 de
710 3051 742 3098 L.
761 3049 793 3098 L.
813 3049 840 3097 V
860 3047 895 3097 7:
932 3048 1004 3096 Hinc
1023 3048 1060 3114 [a
1075 3044 1179 3113 [ando]

86 3115 189 3184 effari
207 3128 273 3169 tem
276 3121 340 3190 pla
358 3120 484 3171 dicuutur
500 3121 534 3170 ab
551 3121 705 3190 auquribus.
742 3119 815 3168 Hinc
832 3117 860 3167 F
864 3135 930 3167 una
944 3119 1090 3174 rsorm'nata,
1109 3113 1180 3182 quod

83 3188 212 3258 pontifices
239 3192 268 3252 in
291 3191 423 3242 sacrando
448 3191 503 3260 fati
527 3199 590 3240 sunt
609 3190 696 3262 finem.
733 3189 812 3240 Idem
834 3189 933 3240 vra:
970 3187 1097 3245 Faunos,
1116 3187 1179 3238 decr

86 3255 276 3310 Latinorum—
286 3263 314 3310 iu
328 3261 496 3312 siluestribus
508 3261 575 3312 lacis
591 3259 720 3313 traditum
732 3267 771 3309 est
787 3260 882 3326 solitos
897 3257 955 3326 furi
970 3258 1074 3326 futura,
1093 3276 1110 3306 a
1127 3275 1178 3324 quo

12 3367 14 3376 .
84 3325 159 3394 faudo
175 3329 284 3381 Faunos
300 3331 394 3383 dictos.
415 3333 520 3382 Eadem
529 3331 596 3382 baec
606 3330 692 3384 verba
709 3331 799 3381 refert
807 3331 922 3381 Servius
936 3331 971 3380 ad
981 3331 1062 3396 Virg.
1071 3325 1178 3394 Georg.

86 3395 166 3460 110,
185 3403 333 3471 additque,
353 3405 476 3453 Faunum
493 3404 594 3454 dictum
613 3421 670 3453 esse
688 3419 703 3451 a
719 3403 819 3461 fando,
839 3403 957 3468 ideoque
975 3402 1057 3452 aedes
1074 3416 1178 3457 sacras,

86 3467 184 3522 Faunus
207 3475 298 3541 primo
325 3473 497 3542 appellatas,
524 3480 622 3542 postea
646 3473 709 3522 fana
732 3473 814 3524 dicta.
854 3471 1003 3530 Cornelius
1018 3472 1123 3520 Fronto
1143 3471 1177 3520 de

87 3537 250 3595 Differentiis
268 3545 439 3596 Vocabulor.
456 3561 519 3612 pag.
535 3543 605 3594 4⁷2.
623 3544 665 3594 ed.
681 3544 787 3612 Angcli
802 3541 886 3594 Maii:
925 3541 1056 3609 Templum
1073 3542 1102 3588 in
1118 3539 1177 3590 loeo

86 3622 217 3678 augurato.
240 3643 269 3653 -
289 3614 392 3665 Fanum
407 3615 501 3664 Fauno
519 3621 707 3665 consecratum.
724 3643 756 3653 -—
793 3615 932 3666 Asconius
951 3619 1040 3662 autem
1058 3612 1094 3660 ad
1114 3611 1185 3676 eie.

12 3721 13 3728 ,
87 3678 162 3732 Verr.
178 3685 194 3734 Ι
212 3685 269 3736 20:
309 3685 414 3736 Fanum
440 3686 669 3755 rclipiosissimum
695 3685 834 3754 ternplum,
866 3684 935 3735 rcrade
954 3681 1016 3751 [ata
1039 3688 1176 3750 petuntur.

13 3749 14 3752 ’
87 3767 108 3798 v.
121 3752 220 3805 Isidori
232 3756 312 3824 Orig.
323 3755 417 3808 ΧΠ.
430 3785 460 3795 -
480 3767 481 3774 ¹
498 3757 533 3805 In
549 3755 611 3805 Eri.
625 3757 698 3824 Teg.
715 3757 774 3807 Sal.
790 3755 878 3806 Arolr.
896 3756 964 3806 Bau.
975 3753 1056 3804 Parr.
1076 3749 1177 3804 ΗΛ.

87 3817 111 3869 5·
126 3821 151 3874 6.
167 3825 193 3876 7.
209 3825 237 3878 8.
251 3826 280 3878 9.
299 3827 372 3878 011,
390 3829 433 3878 ed.
450 3826 547 3895 Stepb.
565 3828 684 3894 legitur:
721 3827 754 3877 de
772 3828 882 3896 imperio
901 3844 933 3874 ao
952 3823 1079 3874 libertate
1096 3851 1127 3862 -
1144 3823 1177 3872 de

87 3893 201 3946 raniversa
228 3915 282 3966 rep.
318 3899 472 3950 Praeterea
496 3898 561 3948 dedi
584 3916 645 3948 eum
663 3895 803 3948 Graevio:
837 3897 952 3946 Habetis
971 3911 1029 3944 eum
1044 3893 1180 3945 consulens

88 3978 115 4010 nx
131 3963 235 4018 Erfurt.
252 3968 322 4036 Teg.
341 3969 400 4020 Sal.
418 3969 552 4036 Arcbiep.
567 3970 636 4019 Bau.
652 3969 794 4036 plerisque
810 3966 928 4018 Gruteri
946 3967 1036 4024 libris,
1056 3972 1176 4032 utroque

89 4029 181 4087 Graev.
198 4038 367 4099 Pithoeano,
386 4039 466 4089 Parr.
483 4040 511 4090 u.
528 4039 556 4088 5.
573 4037 601 4088 l.
620 4037 647 4088 ll.
664 4037 692 4090 8.
708 4038 736 4089 9.
766 4039 859 4089 Antea
878 4037 1061 4105 vulgabatur:
1085 4035 1175 4084 Habe·

88 4102 118 4151 tis
129 4108 191 4157 enim
206 4110 344 4168 consulem,
364 4112 404 4161 uti
419 4112 522 4177 legitur
535 4111 562 4160 in
575 4110 641 4160 Par.
657 4109 684 4159 1.
704 4109 778 4177 [Par.
799 4107 845 4159 10.
865 4109 982 4158 Jlnlretis
995 4109 1076 4156 etium
1090 4104 1174 4173 cunm]
1213 4151 1219 4164 ,

89 4175 207 4230 aethaeo
220 4182 339 4233 varietas
356 4199 387 4230 ex
404 4181 543 4232 scribendi
561 4181 722 4248 compendio
740 4186 802 4229 orta
819 4186 869 4238 est,
891 4181 965 4245 qnod
982 4175 1046 4227 Par.
1064 4175 1091 4227 ⁷.
1105 4175 1174 4225 iudi·

90 4252 135 4294 eat.
156 4247 299 4303 Ernestius
312 4271 345 4304 ex
361 4253 403 4303 cd.
413 4253 559 4301 Waldart‘.
575 4256 602 4304 et
611 4252 720 4301 Veneta
734 4251 830 4317 priore
839 4249 956 4318 [1460],
977 4249 1076 4318 quibus
1091 4247 1174 4296 adsti-

91 4313 207 4378 pulantur
224 4324 303 4374 codd.
315 4323 402 4373 Barb.
421 4328 449 4374 et
467 4323 531 4374 Par.
542 4319 578 4377 6,
599 4321 723 4390 recepit=
744 4319 859 4371 Habetis
876 4323 945 4371 enim
960 4337 1018 4370 eam
1032 4317 1172 4400 acuentem.
1370 4353 1378 4388 a
