2854 5024
298 379 1042 529 enarro:

551 609 654 652 ΗΟ

143 711 1056 846 nuonmauluim

561 938 646 974 ΙΙῦ

41 1065 385 1154 nn1n1rna1o
424 1061 501 1156 cn.
531 1062 768 1162 rourum
799 1063 869 1128 an
897 1009 1160 1132 ro‘runurs.

506 1295 707 1308 num

167 1455 909 1560 „ascensurum

45 1627 223 1680 Mithridates
242 1623 387 1694 Eupator,
412 1622 587 1676 Mithridatis
604 1623 764 1692 Eser-getae
789 1625 881 1686 filius,
907 1641 957 1678 rex
982 1623 1083 1685 Ponti,
1110 1623 1169 1696 qui*

116 1691 316 1767 rempublicam
340 1697 491 1748 Romanam
513 1696 716 1749 florentissimis
733 1695 818 1748 rebus
840 1695 917 1748 bello
936 1695 1050 1756 afflixit,
1077 1697 1158 1764 eique

118 1788 170 1839 per
185 1767 227 1819 40
243 1761 328 1818 nunhs
345 1767 468 1827 restitit,
495 1766 609 1834 regibus
627 1767 776 1835 Bithyniae
795 1766 1047 1836 Cappadociaeque
1064 1765 1158 1836 expul-

120 1842 176 1898 sis,
211 1839 332 1888 omnihus
359 1845 473 1906 praeter
496 1837 625 1890 Rhodum
640 1839 743 1890 ‘insulis
767 1840 891 1908 potitus,
926 1835 1076 1889 Graeciam
1095 1839 1158 1890 lere

124 1927 227 1962 omnem
243 1917 327 1978 atque·
340 1909 534 1977 Macedoniam
551 1903 746 1979 occupaverat.
782 1910 824 1964 At
838 1926 891 1977 per
906 1907 938 1957 la
956 1909 1065 1960 Sullam
1083 1911 1159 1977 apud
1201 1939 1203 1946 ·

125 1979 308 2032 Chaeroneam
328 1978 586 2048 orchomenumque
605 1977 764 2048 oppressus,
783 1981 858 2030 intra
873 1971 984 2047 paterhi
1002 1981 1083 2046 regni
1100 1987 1157 2031 ter·

124 2051 366 2101 minos'conclusus
383 2057 440 2110 est,
469 2052 573 2102 amissis
599 2069 632 2102 ex
653 2049 708 2102 suis
735 2052 822 2119 copiis
840 2050 920 2100 CLX
935 2051 1068 2102 millibus.
1087 2068 1115 2101 u.
1132 2069 1157 2102 c.

22 2131 25 2138 ’
124 2120 285 2172 669-670.
305 2138 331 2173 v.
346 2121 536 2182 ,Flos-1113,
558 2121 651 2173 l-lss
672 2130 700 2174 et
715 2123 791 2190 App.
811 2119 907 2173 Mithr.
926 2120 1050 2174 lli-³58.
1070 2120 1157 2172 Victo
1209 2133 1211 2141 “

121 2193 216 2245 deinde
233 2192 368 2251 Murena,
395 2193 443 2260 qui
465 2193 573 2260 legatus
596 2193 631 2244 ad
652 2193 774 2260 reliquas
790 2211 836 2244 res
858 2194 887 2242 in
901 2193 972 2244 Asia
989 2191 1157 2242 ordinandae
1190 2241 1194 2258 ,
1284 2243 1287 2252 ,

118 2281 175 2314 eum
203 2263 310 2314 duabus
336 2264 503 2314 Fimbrianis
528 2263 684 2332 legionibus
709 2283 726 2314 a
749 2264 830 2314 Sulla
854 2258 990 2324 relictus,
1022 2261 1172 2330 triumphi,

116 2336 246 2404 cupidine
263 2339 315 2385 sua·
331 2341 428 2405 sponte
445 2335 550 2386 bellum
567 2340 733 2394 renovarat,
754 2341 782 2386 et
800 2353 815 2386 a
833 2335 866 2386 L.
886 2335 968 2386 Sulla
983 2353 1036 2402 per
1050 2334 1157 2399 Aulum
1214 2361 1219 2370 ·
1237 2331 1238 2336 ’

115 2405 269 2458 Gabinium
282 2412 414 2456 revocato
432 2404 470 2472 [ιι.
485 2423 508 2456 c.
525 2403 692 2457 671--675,
711 2423 736 2456 v.
756 2406 832 2474 App.
851 2406 890 2456 M.
904 2403 1055 2474 (Ἅι-66],
1075 2423 1158 2474 quum

114 2477 182 2529 duae
211 2477 364 2544 legationes
388 2475 425 2526 ad
448 2476 667 2534 conscribendas
681 2478 803 2527 foederis
826 2476 903 2544 leges
920 2476 1035 2526 Romam
1057 2477 1156 2529 missae

110 2548 226 2600 infectis
241 2544 325 2598 rebus
342 2547 508 2598 rediissent:
527 2545 724 2607 Mithridates,
745 2547 833 2598 auctis
851 2548 984 2617 majorem
1000 2547 1028 2596 in
1046 2549 1159 2598 modum

111 2619 220 2689 copiis,
239 2619 354 2669 subacto
369 2619 518 2686 Bosporo,
539 2617 704 2684 Tigranem,
723 2619 873 2668 Armeniae
890 2635 1003 2686 regem,
1023 2635 1156 2686 generum

109 2709 187 2741 suum
208 2690 375 2748 concitavit,
392 2681 524 2757 ‘factaque
542 2706 603 2739 cum
619 2689 750 2742 Sertorio
769 2691 903 2741 societate
919 2689 1033 2756 tertium
1049 2687 1156 2740 bellum

108 2755 255 2812 Romanis
272 2760 377 2816 intulit.
415 2757 500 2828 Quod
521 2776 582 2810 cum
605 2777 657 2828 per
683 2759 802 2829 quinque
820 2748 913 2814 faunos
938 2762 1016 2811 varia
1041 2760 1155 2812 fortuma

84 2867 86 2876 ι
109 2839 221 2900 gestum
239 2837 311 2882 esset
332 2835 429 2883 eontra
444 2831 476 2880 L.
496 2829 633 2885 Licinium
653 2831 819 2892 Lucullum,
848 2833 894 2901 qui
913 2831 1009 2883 consul
1037 2848 1098 2882 cum
1115 2831 1154 2881 Μ.

107 2903 233 2954 Aurelio
250 2900 336 2953 Cotta
352 2919 379 2951 ιι.
394 2919 417 2952 c.
436 2900 498 2952 680
514 2901 614 2952 adhoc
632 2899 737 2953 bellum
751 2905 849 2954 missus
868 2910 945 2964 ernt3
965 2919 1015 2954 rex
1031 2903 1153 2962 tandem,

107 2973 212 3042 magna
227 2973 317 3032 ¹clade
343 2973 379 3022 ad
404 2971 510 3022 Cahira
535 2979 665 3042 accepta,
702 2975 825 3025 omnihus
851 2981 878 3026 ct
904 2975 1003 3032 avitis,
1038 2979 1066 3024 et
1086 2990 1154 3040 quas

12 3060 13 3068 ¹
109 3050 316 3114 occupaverat,
344 3043 430 3093 terris
455 3049 550 3094 exutus
572 3049 654 3111 atque
677 3063 737 3096 cum
757 3047 863 3096 duobus
888 3045 1011 3096 millibus
1032 3044 1154 3110 equitum

110 3117 144 3166 ad
167 3116 323 3182 Tigranem
348 3115 499 3182 confugere
518 3122 635 3166 ‘coactus
659 3123 709 3168 est.
748 3115 882 3168 Lucullus
901 3122 991 3168 autem
1008 3116 1037 3164 in
1052 3116 1153 3165 Arme·

109 3188 180 3238 niam
208 3185 370 3253 profectus,
398 3182 604 3254 Tigranocerta
630 3191 658 3237 et
681 3188 773 3237 Nisibi
796 3189 903 3255 captis,
932 3187 1088 3254 Tigranem·
1108 3185 1153 3237 bis

108 3258 219 3326 ingenti
245 3256 325 3308 clade
351 3255 452 3306 affecit.
489 3275 516 3306 u.
541 3275 565 3308 c.
589 3255 773 3308 680-686.
804 3275 829 3310 v.
851 3259 927 3327 App.
947 3257 993 3330 M„
1011 3255 1151 3308 67—86.

110 3328 257 3380 Plutarch.
272 3327 339 3380 Luc.
352 3325 457 3378 7-52.
476 3319 541 3378 Dio.
558 3327 636 3378 Cass.
654 3325 770 3378 XXXV
781 3327 872 3379 410.
910 3329 980 3378 Τιιιιι
997 3334 1065 3379 ver'o
1080 3329 1159 3378 milit

110 3406 169 3460 tes,
192 3405 222 3450 et
237 3399 387 3464 severVIta'te
406 3398 483 3450 ducis
501 3405 529 3449 et
542 3398 745 3466 longinquitate
764 3399 890 3450 locorum
910 3400 1047 3458 commoti,
1067 3406 1151 3466 atque

111 3483 126 3520 a
140 3470 173 3521 P.
191 3469 314 3528 Clodio,
339 3469 430 3520 fratre
447 3469 541 3520 uxoris
553 3469 683 3529 Luculli,
704 3470 853 3534 concitati,
866 3471 947 3520 initio
965 3475 1027 3520 orto
1042 3478 1062 3518 'a
1078 3469 1151 3519 Fim-

15 3537 17 3542 ’
109 3539 235 3600 hrianis,
254 3541 330 3592 ultra
344 3557 432 3608 neque
444 3546 546 3592 contra
562 3540 721 3607 Tigranem,
741 3559 829 3609 neque
845 3547 943 3592 contra
958 3539 1152 3591 Mithridatem

110 3611 261 3663 Lucullum
285 3611 362 3679 sequi
384 3612 551 3671 voluerunt;
586 3617 614 3663 et
638 3610 719 3680 quum
743 3611 786 3660 Μι
804 3609 914 3662 Acilius
940 3609 1067 3668 Gabrio‚
1104 3610 1151 3677 qui

111 3701 135 3732 a.
152 3681 216 3734 68⁷
234 3683 329 3732 consul
344 3699 405 3752 cum
420 3681 453 3733 C.
469 3677 624 3750 Calpurnio
639 3683 750 3742 Pisone,
771 3683 940 3750 agitantibus
956 3681 1076 3732 trihunis
1090 3681 1151 3748 ple-

110 3751 162 3813 bis,
183 3753 307 3803 Lucullo
323 3769 467 3804 successor
484 3753 564 3803 datus
585 3759 654 3813 erat,
675 3754 792 3806 dimissis
811 3773 861 3823 per
878 3753 1049 3824 provinciam
1069 3770 1150 3820 prae-

112 3825 244 3883 conibus,
274 3825 421 3875 edixisset:
456 3824 579 3875 incusari
595 3822 741 3876 Lucullum
760 3844 775 3875 a
791 3832 904 3885 senatu,
941 3823 1016 3892 quod
1039 3823 1152 3891 imperii

113 3911 248 3963 opumque
270 3895 423 3965 cupiditate
446 3895 553 3946 hellum
573 3894 718 3956 traheret,
751 3897 872 3966 proinde
894 3901 1017 3947 senatum
1039 3895 1150 3945 missum
1193 3937 1195 3943 .

113 3965 207 4018 lacere
227 3965 284 4035 ejus
302 3959 462 4025 exercitum,
481 3972 508 4018 et
522 3966 596 4016 bona
615 3983 719 4027 eorum,
740 3968 788 4035 qui
803 3985 856 4018 non
870 3967 1038 4035 paruissent,
1057 3964 1149 4036 publi·
1256 4016 1259 4024 ,

72 4057 76 4063 ·
114 4043 253 4086 catarume
285 4038 345 4086 fere
371 4055 462 4088 omncs
486 4035 662 4098 diffluebant,
699 4036 788 4088 S.'C.
814 4047 846 4088 se'
869 4045 1063 4089 exauctoratos
1090 4053 1150 4088 esse

115 4107 246 4158 dicentes
285 4106 464 4159 Mithridates
486 4107 614 4169 interea,
648 4109 809 4176 conquisitis
831 4111 950 4176 undique
975 4109 1081 4177 copiis,
1117 4123 1150 4177 ex
1206 4141 1211 4158 1
1305 4135 1314 4144 -

114 4178 247 4229 Armenia
260 4179 289 4227 in
303 4179 420 4229 Pontum
439 4197 600 4248 regressus,
626 4179 743 4230 Fabium
761 4186 789 4232 et
803 4181 901 4231 deinde
917 4180 1057 4231 Triarium
1071 4179 1146 4245 lega·

115 4253 156 4298 tos
173 4249 278 4317 ingenti
298 4249 378 4302 clade
398 4251 617 4320 profligaverat,
645 4252 841 4322 devastataque
860 4250 1040 4322 Cappadocia
1057 4250 1147 4300 denuo
1236 4267 1246 4276 -

116 4321 185 4370 omni
200 4321 287 4372 Asiae
303 4317 471 4372 imminebat.
504 4339 531 4372 u.
555 4337 578 4374 e.
605 4320 666 4373 686
682 4321 710 4372 et
726 4319 796 4373 687.
829 4340 855 4374 ι.
871 4323 947 4394 App.
962 4323 1001 4372 Μ.
1020 4317 1146 4372 87-90.

117 4387 257 4446 Plutarch.
272 4385 340 4444 Luc.
351 4389 478 4446 55-55.
497 4391 553 4444 nio
572 4391 652 4446 Cass.
662 4393 779 4448 XXXV
792 4391 920 4460 ,lh-1⁷.
956 4393 1067 4463 Itaque,
1084 4405 1147 4443 cum
1256 4445 1259 4454 Α
