<?xml version="1.0" encoding="UTF-8"?>
<!DOCTYPE html PUBLIC "-//W3C//DTD XHTML 1.0 Transitional//EN"
    "http://www.w3.org/TR/xhtml1/DTD/xhtml1-transitional.dtd">
<html xmlns="http://www.w3.org/1999/xhtml" xml:lang="en" lang="en">
 <head>
  <title>
</title>
<meta http-equiv="Content-Type" content="text/html;charset=utf-8" />
  <meta name='ocr-system' content='tesseract 3.04.00' />
  <meta name='ocr-capabilities' content='ocr_page ocr_carea ocr_par ocr_line ocrx_word'/>
</head>
<body>
  <div class='ocr_page' id='page_1' title='image "./mtulliiciceroni67cicegoog/mtulliiciceroni67cicegoog_0241.png"; bbox 0 0 2782 5022; ppageno 0'>
   <div class='ocr_carea' id='block_1_1' title="bbox 243 395 1056 496">
    <p class='ocr_par' dir='ltr' id='par_1_1' title="bbox 243 395 1056 496">
     <span class='ocr_line' id='line_1_1' title="bbox 243 395 1056 496; baseline 0.001 -47"><span class='ocrx_word' id='word_1_1' title='bbox 243 399 327 474; x_wconf 71' lang='lat'><strong>242</strong></span> <span class='ocrx_word' id='word_1_2' title='bbox 576 395 1056 496; x_wconf 79' lang='lat' dir='ltr'><strong>enarrem..</strong></span> 
     </span>
    </p>
   </div>
   <div class='ocr_carea' id='block_1_2' title="bbox 246 531 1318 646">
    <p class='ocr_par' dir='ltr' id='par_1_2' title="bbox 246 531 1318 646">
     <span class='ocr_line' id='line_1_2' title="bbox 246 531 1318 646; baseline -0.006 -18"><span class='ocrx_word' id='word_1_3' title='bbox 246 567 477 646; x_wconf 83' lang='lat' dir='ltr'><strong>sempiternum</strong></span> <span class='ocrx_word' id='word_1_4' title='bbox 504 563 542 646; x_wconf 87' lang='lat'><strong>¹)</strong></span> <span class='ocrx_word' id='word_1_5' title='bbox 558 531 574 636; x_wconf 27' lang='grc' dir='ltr'><strong>,Ι</strong></span> <span class='ocrx_word' id='word_1_6' title='bbox 621 563 715 624; x_wconf 83' lang='lat' dir='ltr'><strong>robis</strong></span> <span class='ocrx_word' id='word_1_7' title='bbox 756 564 863 624; x_wconf 85' lang='lat' dir='ltr'><strong>omnia</strong></span> <span class='ocrx_word' id='word_1_8' title='bbox 907 533 1030 645; x_wconf 82' lang='lat' dir='ltr'><strong>templa</strong></span> <span class='ocrx_word' id='word_1_9' title='bbox 1073 564 1207 624; x_wconf 90' lang='lat' dir='ltr'><strong>deorum</strong></span> <span class='ocrx_word' id='word_1_10' title='bbox 1245 569 1318 646; x_wconf 81' lang='lat' dir='ltr'><strong>atque</strong></span> 
     </span>
    </p>
   </div>
   <div class='ocr_carea' id='block_1_3' title="bbox 142 645 1327 1979">
    <p class='ocr_par' dir='ltr' id='par_1_3' title="bbox 142 645 1375 1979">
     <span class='ocr_line' id='line_1_3' title="bbox 246 645 1318 730; baseline -0.002 -22"><span class='ocrx_word' id='word_1_11' title='bbox 246 649 399 720; x_wconf 87' lang='lat' dir='ltr'><strong>delubra,</strong></span> <span class='ocrx_word' id='word_1_12' title='bbox 429 646 523 707; x_wconf 84' lang='lat' dir='ltr'><strong>vobis</strong></span> <span class='ocrx_word' id='word_1_13' title='bbox 540 666 647 707; x_wconf 86' lang='lat' dir='ltr'><strong>muros</strong></span> <span class='ocrx_word' id='word_1_14' title='bbox 666 656 762 730; x_wconf 89' lang='lat' dir='ltr'><strong>atque</strong></span> <span class='ocrx_word' id='word_1_15' title='bbox 781 647 871 707; x_wconf 85' lang='lat' dir='ltr'><strong>urbis</strong></span> <span class='ocrx_word' id='word_1_16' title='bbox 886 655 977 708; x_wconf 87' lang='lat' dir='ltr'><strong>tecta</strong></span> <span class='ocrx_word' id='word_1_17' title='bbox 994 648 1208 724; x_wconf 71' lang='lat' dir='ltr'><strong>commendat.</strong></span> <span class='ocrx_word' id='word_1_18' title='bbox 1244 645 1318 706; x_wconf 83' lang='lat' dir='ltr'><strong>Prac-</strong></span> 
     </span>
     <span class='ocr_line' id='line_1_4' title="bbox 168 729 1320 811; baseline -0.005 -18"><span class='ocrx_word' id='word_1_19' title='bbox 168 790 172 804; x_wconf 86' lang='grc'>,</span> <span class='ocrx_word' id='word_1_20' title='bbox 243 742 335 793; x_wconf 84' lang='lat' dir='ltr'><strong>terea</strong></span> <span class='ocrx_word' id='word_1_21' title='bbox 356 732 397 792; x_wconf 88' lang='lat' dir='ltr'><strong>de</strong></span> <span class='ocrx_word' id='word_1_22' title='bbox 419 737 530 792; x_wconf 84' lang='lat' dir='ltr'><strong>vestra</strong></span> <span class='ocrx_word' id='word_1_23' title='bbox 551 731 641 802; x_wconf 82' lang='lat' dir='ltr'><strong>vita,</strong></span> <span class='ocrx_word' id='word_1_24' title='bbox 666 731 706 789; x_wconf 92' lang='lat' dir='ltr'><strong>dc</strong></span> <span class='ocrx_word' id='word_1_25' title='bbox 727 730 899 811; x_wconf 76' lang='lat' dir='ltr'><strong>coniugum</strong></span> <span class='ocrx_word' id='word_1_26' title='bbox 919 738 1101 793; x_wconf 82' lang='lat' dir='ltr'><strong>vestrarum</strong></span> <span class='ocrx_word' id='word_1_27' title='bbox 1117 751 1154 790; x_wconf 87' lang='lat' dir='ltr'><strong>ao</strong></span> <span class='ocrx_word' id='word_1_28' title='bbox 1171 729 1320 789; x_wconf 86' lang='lat' dir='ltr'><strong>liberorum</strong></span> 
     </span>
     <span class='ocr_line' id='line_1_5' title="bbox 243 811 1320 902; baseline -0.004 -27"><span class='ocrx_word' id='word_1_29' title='bbox 243 816 364 886; x_wconf 77' lang='lat' dir='ltr'><strong>anima,</strong></span> <span class='ocrx_word' id='word_1_30' title='bbox 387 813 428 874; x_wconf 88' lang='lat' dir='ltr'><strong>de</strong></span> <span class='ocrx_word' id='word_1_31' title='bbox 449 812 589 898; x_wconf 70' lang='lat' dir='ltr'><strong>fortunis</strong></span> <span class='ocrx_word' id='word_1_32' title='bbox 610 811 771 887; x_wconf 89' lang='lat' dir='ltr'><strong>omnium,</strong></span> <span class='ocrx_word' id='word_1_33' title='bbox 793 814 834 875; x_wconf 91' lang='lat' dir='ltr'><strong>de</strong></span> <span class='ocrx_word' id='word_1_34' title='bbox 854 813 1012 902; x_wconf 64' lang='lat' dir='ltr'><strong>pedibus,</strong></span> <span class='ocrx_word' id='word_1_35' title='bbox 1045 815 1085 874; x_wconf 91' lang='lat' dir='ltr'><strong>de</strong></span> <span class='ocrx_word' id='word_1_36' title='bbox 1108 813 1193 873; x_wconf 83' lang='lat' dir='ltr'><strong>focis</strong></span> <span class='ocrx_word' id='word_1_37' title='bbox 1212 812 1320 884; x_wconf 85' lang='lat' dir='ltr'><strong>restris,</strong></span> 
     </span>
     <span class='ocr_line' id='line_1_6' title="bbox 243 895 1322 969; baseline -0.005 -10"><span class='ocrx_word' id='word_1_38' title='bbox 243 899 402 960; x_wconf 89' lang='lat' dir='ltr'><strong>hodierno</strong></span> <span class='ocrx_word' id='word_1_39' title='bbox 417 896 471 957; x_wconf 89' lang='lat' dir='ltr'><strong>die</strong></span> <span class='ocrx_word' id='word_1_40' title='bbox 486 895 579 958; x_wconf 85' lang='lat' dir='ltr'><strong>vobis</strong></span> <span class='ocrx_word' id='word_1_41' title='bbox 594 896 805 960; x_wconf 87' lang='lat' dir='ltr'><strong>iudicandum</strong></span> <span class='ocrx_word' id='word_1_42' title='bbox 822 905 883 960; x_wconf 88' lang='lat' dir='ltr'><strong>eat.</strong></span> <span class='ocrx_word' id='word_1_43' title='bbox 921 897 1063 960; x_wconf 78' lang='lat' dir='ltr'><strong>Habetis</strong></span> <span class='ocrx_word' id='word_1_44' title='bbox 1080 898 1209 969; x_wconf 90' lang='lat' dir='ltr'><strong>ducem,</strong></span> <span class='ocrx_word' id='word_1_45' title='bbox 1230 915 1322 956; x_wconf 85' lang='lat' dir='ltr'><strong>meno-</strong></span> 
     </span>
     <span class='ocr_line' id='line_1_7' title="bbox 242 979 1319 1063; baseline -0.007 -21"><span class='ocrx_word' id='word_1_46' title='bbox 242 996 310 1042; x_wconf 85' lang='lat' dir='ltr'><strong>rem</strong></span> <span class='ocrx_word' id='word_1_47' title='bbox 330 979 612 1056; x_wconf 65' lang='lat' dir='ltr'><strong>vestri3oblitum</strong></span> <span class='ocrx_word' id='word_1_48' title='bbox 633 979 704 1052; x_wconf 80' lang='lat' dir='ltr'><strong>sui3</strong></span> <span class='ocrx_word' id='word_1_49' title='bbox 737 1003 819 1062; x_wconf 85' lang='lat' dir='ltr'><strong>quae</strong></span> <span class='ocrx_word' id='word_1_50' title='bbox 840 1001 905 1041; x_wconf 90' lang='lat' dir='ltr'><strong>non</strong></span> <span class='ocrx_word' id='word_1_51' title='bbox 924 1003 1054 1063; x_wconf 86' lang='lat' dir='ltr'><strong>semper</strong></span> <span class='ocrx_word' id='word_1_52' title='bbox 1072 980 1214 1040; x_wconf 78' lang='lat' dir='ltr'><strong>facultas</strong></span> <span class='ocrx_word' id='word_1_53' title='bbox 1231 979 1319 1038; x_wconf 83' lang='lat' dir='ltr'><strong>datur:</strong></span> 
     </span>
     <span class='ocr_line' id='line_1_8' title="bbox 214 1062 1322 1148; baseline -0.004 -24"><span class='ocrx_word' id='word_1_54' title='bbox 214 1142 215 1148; x_wconf 6' lang='grc' dir='ltr'>ἵ</span> <span class='ocrx_word' id='word_1_55' title='bbox 243 1065 372 1126; x_wconf 86' lang='lat' dir='ltr'><strong>habetis</strong></span> <span class='ocrx_word' id='word_1_56' title='bbox 393 1085 503 1125; x_wconf 91' lang='lat' dir='ltr'><strong>omnes</strong></span> <span class='ocrx_word' id='word_1_57' title='bbox 525 1063 678 1137; x_wconf 82' lang='lat' dir='ltr'><strong>ordines,</strong></span> <span class='ocrx_word' id='word_1_58' title='bbox 708 1085 818 1125; x_wconf 89' lang='lat' dir='ltr'><strong>omnes</strong></span> <span class='ocrx_word' id='word_1_59' title='bbox 838 1062 1007 1142; x_wconf 82' lang='lat' dir='ltr'><strong>homines,</strong></span> <span class='ocrx_word' id='word_1_60' title='bbox 1037 1063 1223 1124; x_wconf 83' lang='lat' dir='ltr'><strong>uuiversum</strong></span> <span class='ocrx_word' id='word_1_61' title='bbox 1238 1063 1322 1143; x_wconf 89' lang='lat' dir='ltr'><strong>popu·</strong></span> 
     </span>
     <span class='ocr_line' id='line_1_9' title="bbox 243 1145 1323 1230; baseline -0.005 -22"><span class='ocrx_word' id='word_1_62' title='bbox 243 1149 308 1208; x_wconf 92' lang='lat' dir='ltr'><strong>lum</strong></span> <span class='ocrx_word' id='word_1_63' title='bbox 324 1146 515 1222; x_wconf 77' lang='lat' dir='ltr'><strong>Romanum,</strong></span> <span class='ocrx_word' id='word_1_64' title='bbox 537 1147 576 1212; x_wconf 89' lang='lat' dir='ltr'><strong>id</strong></span> <span class='ocrx_word' id='word_1_65' title='bbox 590 1147 677 1230; x_wconf 89' lang='lat' dir='ltr'><strong>quod</strong></span> <span class='ocrx_word' id='word_1_66' title='bbox 693 1146 728 1206; x_wconf 91' lang='lat' dir='ltr'><strong>in</strong></span> <span class='ocrx_word' id='word_1_67' title='bbox 744 1147 835 1207; x_wconf 78' lang='lat' dir='ltr'><strong>civili</strong></span> <span class='ocrx_word' id='word_1_68' title='bbox 851 1169 948 1208; x_wconf 86' lang='lat' dir='ltr'><strong>causa</strong></span> <span class='ocrx_word' id='word_1_69' title='bbox 963 1145 1123 1208; x_wconf 89' lang='lat' dir='ltr'><strong>hodierno</strong></span> <span class='ocrx_word' id='word_1_70' title='bbox 1142 1148 1197 1206; x_wconf 89' lang='lat' dir='ltr'><strong>die</strong></span> <span class='ocrx_word' id='word_1_71' title='bbox 1212 1147 1323 1226; x_wconf 88' lang='lat' dir='ltr'><strong>primun</strong></span> 
     </span>
     <span class='ocr_line' id='line_1_10' title="bbox 244 1228 1323 1312; baseline -0.006 -20"><span class='ocrx_word' id='word_1_72' title='bbox 244 1231 410 1304; x_wconf 83' lang='lat' dir='ltr'><strong>ridemus,</strong></span> <span class='ocrx_word' id='word_1_73' title='bbox 432 1253 529 1290; x_wconf 90' lang='lat' dir='ltr'><strong>unum</strong></span> <span class='ocrx_word' id='word_1_74' title='bbox 549 1237 647 1312; x_wconf 88' lang='lat' dir='ltr'><strong>atque</strong></span> <span class='ocrx_word' id='word_1_75' title='bbox 667 1229 754 1290; x_wconf 89' lang='lat' dir='ltr'><strong>idem</strong></span> <span class='ocrx_word' id='word_1_76' title='bbox 772 1231 978 1292; x_wconf 73' lang='lat' dir='ltr'><strong>sentientem.</strong></span> <span class='ocrx_word' id='word_1_77' title='bbox 1022 1231 1196 1310; x_wconf 79' lang='lat' dir='ltr'><strong>Cogitate,</strong></span> <span class='ocrx_word' id='word_1_78' title='bbox 1219 1228 1323 1309; x_wconf 84' lang='lat' dir='ltr'><strong>quantis</strong></span> 
     </span>
     <span class='ocr_line' id='line_1_11' title="bbox 243 1311 1324 1397; baseline -0.002 -22"><span class='ocrx_word' id='word_1_79' title='bbox 243 1313 410 1376; x_wconf 77' lang='lat' dir='ltr'>laboribus</span> <span class='ocrx_word' id='word_1_80' title='bbox 443 1314 612 1374; x_wconf 84' lang='lat' dir='ltr'><strong>fundatum</strong></span> <span class='ocrx_word' id='word_1_81' title='bbox 639 1313 830 1393; x_wconf 87' lang='lat' dir='ltr'><strong>imperium,</strong></span> <span class='ocrx_word' id='word_1_82' title='bbox 868 1321 989 1397; x_wconf 84' lang='lat' dir='ltr'><strong>quanta</strong></span> <span class='ocrx_word' id='word_1_83' title='bbox 1016 1315 1138 1375; x_wconf 77' lang='lat' dir='ltr'><strong>virtute</strong></span> <span class='ocrx_word' id='word_1_84' title='bbox 1171 1311 1324 1373; x_wconf 77' lang='lat' dir='ltr'><strong>stabilitam</strong></span> 
     </span>
     <span class='ocr_line' id='line_1_12' title="bbox 243 1397 1324 1480; baseline -0.004 -22"><span class='ocrx_word' id='word_1_85' title='bbox 243 1399 450 1471; x_wconf 90' lang='lat' dir='ltr'><strong>libertatem,</strong></span> <span class='ocrx_word' id='word_1_86' title='bbox 473 1404 595 1480; x_wconf 86' lang='lat' dir='ltr'><strong>quanta</strong></span> <span class='ocrx_word' id='word_1_87' title='bbox 612 1397 746 1456; x_wconf 86' lang='lat' dir='ltr'><strong>deorum</strong></span> <span class='ocrx_word' id='word_1_88' title='bbox 766 1397 968 1476; x_wconf 73' lang='lat' dir='ltr'><strong>benignitate</strong></span> <span class='ocrx_word' id='word_1_89' title='bbox 989 1405 1100 1456; x_wconf 84' lang='lat' dir='ltr'><strong>auctas</strong></span> <span class='ocrx_word' id='word_1_90' title='bbox 1122 1404 1324 1476; x_wconf 77' lang='lat' dir='ltr'><strong>exaggeratas·</strong></span> 
     </span>
     <span class='ocr_line' id='line_1_13' title="bbox 244 1479 1327 1563; baseline -0.004 -21"><span class='ocrx_word' id='word_1_91' title='bbox 244 1503 307 1563; x_wconf 87' lang='lat' dir='ltr'><strong>que</strong></span> <span class='ocrx_word' id='word_1_92' title='bbox 328 1481 476 1550; x_wconf 74' lang='lat' dir='ltr'><strong>fortunas</strong></span> <span class='ocrx_word' id='word_1_93' title='bbox 498 1502 562 1541; x_wconf 87' lang='lat' dir='ltr'><strong>una</strong></span> <span class='ocrx_word' id='word_1_94' title='bbox 582 1479 648 1538; x_wconf 82' lang='lat' dir='ltr'><strong>riox</strong></span> <span class='ocrx_word' id='word_1_95' title='bbox 670 1499 774 1560; x_wconf 89' lang='lat' dir='ltr'><strong>paene</strong></span> <span class='ocrx_word' id='word_1_96' title='bbox 796 1479 926 1541; x_wconf 87' lang='lat' dir='ltr'><strong>delerit.</strong></span> <span class='ocrx_word' id='word_1_97' title='bbox 968 1479 1011 1540; x_wconf 89' lang='lat' dir='ltr'><strong>ld</strong></span> <span class='ocrx_word' id='word_1_98' title='bbox 1031 1502 1072 1540; x_wconf 90' lang='lat' dir='ltr'><strong>ue</strong></span> <span class='ocrx_word' id='word_1_99' title='bbox 1091 1501 1241 1562; x_wconf 87' lang='lat' dir='ltr'><strong>umquam</strong></span> <span class='ocrx_word' id='word_1_100' title='bbox 1258 1487 1327 1558; x_wconf 86' lang='lat' dir='ltr'><strong>post·</strong></span> 
     </span>
     <span class='ocr_line' id='line_1_14' title="bbox 245 1560 1326 1648; baseline -0.005 -24"><span class='ocrx_word' id='word_1_101' title='bbox 245 1565 306 1647; x_wconf 85' lang='lat' dir='ltr'><strong>bac</strong></span> <span class='ocrx_word' id='word_1_102' title='bbox 333 1585 399 1623; x_wconf 89' lang='lat' dir='ltr'><strong>non</strong></span> <span class='ocrx_word' id='word_1_103' title='bbox 427 1563 522 1623; x_wconf 86' lang='lat' dir='ltr'><strong>modo</strong></span> <span class='ocrx_word' id='word_1_104' title='bbox 550 1561 689 1634; x_wconf 84' lang='lat' dir='ltr'><strong>confici,</strong></span> <span class='ocrx_word' id='word_1_105' title='bbox 723 1563 783 1622; x_wconf 89' lang='lat' dir='ltr'><strong>sed</strong></span> <span class='ocrx_word' id='word_1_106' title='bbox 807 1584 848 1623; x_wconf 86' lang='lat' dir='ltr'><strong>ue</strong></span> <span class='ocrx_word' id='word_1_107' title='bbox 877 1561 1016 1644; x_wconf 72' lang='lat' dir='ltr'><strong>dogitari</strong></span> <span class='ocrx_word' id='word_1_108' title='bbox 1044 1562 1177 1648; x_wconf 89' lang='lat' dir='ltr'><strong>quidem</strong></span> <span class='ocrx_word' id='word_1_109' title='bbox 1202 1560 1326 1642; x_wconf 86' lang='lat' dir='ltr'><strong>possita</strong></span> 
     </span>
     <span class='ocr_line' id='line_1_15' title="bbox 246 1644 1326 1729; baseline -0.007 -21"><span class='ocrx_word' id='word_1_110' title='bbox 246 1646 391 1722; x_wconf 78' lang='lat' dir='ltr'><strong>civibus,</strong></span> <span class='ocrx_word' id='word_1_111' title='bbox 419 1645 579 1706; x_wconf 85' lang='lat' dir='ltr'><strong>hodierno</strong></span> <span class='ocrx_word' id='word_1_112' title='bbox 598 1644 651 1704; x_wconf 91' lang='lat' dir='ltr'><strong>die</strong></span> <span class='ocrx_word' id='word_1_113' title='bbox 670 1646 907 1725; x_wconf 82' lang='lat' dir='ltr'><strong>providendum</strong></span> <span class='ocrx_word' id='word_1_114' title='bbox 924 1655 984 1708; x_wconf 88' lang='lat' dir='ltr'><strong>est.</strong></span> <span class='ocrx_word' id='word_1_115' title='bbox 1028 1647 1138 1729; x_wconf 77' lang='lat' dir='ltr'><strong>Atque</strong></span> <span class='ocrx_word' id='word_1_116' title='bbox 1149 1645 1260 1717; x_wconf 86' lang='lat' dir='ltr'><strong>&#39;haee‚</strong></span> <span class='ocrx_word' id='word_1_117' title='bbox 1280 1664 1326 1701; x_wconf 86' lang='lat' dir='ltr'><strong>nou</strong></span> 
     </span>
     <span class='ocr_line' id='line_1_16' title="bbox 245 1727 1326 1812; baseline -0.006 -22"><span class='ocrx_word' id='word_1_118' title='bbox 245 1737 282 1790; x_wconf 90' lang='lat' dir='ltr'><strong>ut</strong></span> <span class='ocrx_word' id='word_1_119' title='bbox 305 1751 384 1802; x_wconf 86' lang='lat' dir='ltr'><strong>ros,</strong></span> <span class='ocrx_word' id='word_1_120' title='bbox 420 1729 476 1812; x_wconf 86' lang='lat' dir='ltr'><strong>qui</strong></span> <span class='ocrx_word' id='word_1_121' title='bbox 506 1727 585 1788; x_wconf 89' lang='lat' dir='ltr'><strong>mihi</strong></span> <span class='ocrx_word' id='word_1_122' title='bbox 616 1727 726 1788; x_wconf 87' lang='lat' dir='ltr'><strong>studio</strong></span> <span class='ocrx_word' id='word_1_123' title='bbox 750 1750 853 1810; x_wconf 88' lang='lat' dir='ltr'><strong>paene</strong></span> <span class='ocrx_word' id='word_1_124' title='bbox 881 1730 1115 1810; x_wconf 79' lang='lat' dir='ltr'><strong>praecurritis,</strong></span> <span class='ocrx_word' id='word_1_125' title='bbox 1151 1729 1326 1795; x_wconf 83' lang='lat' dir='ltr'><strong>excitarem,</strong></span> 
     </span>
     <span class='ocr_line' id='line_1_17' title="bbox 245 1809 1326 1902; baseline -0.007 -28"><span class='ocrx_word' id='word_1_126' title='bbox 245 1814 376 1874; x_wconf 89' lang='lat' dir='ltr'><strong>loeutus</strong></span> <span class='ocrx_word' id='word_1_127' title='bbox 394 1834 477 1872; x_wconf 85' lang='lat' dir='ltr'><strong>sum:</strong></span> <span class='ocrx_word' id='word_1_128' title='bbox 502 1811 561 1872; x_wconf 90' lang='lat' dir='ltr'><strong>sed</strong></span> <span class='ocrx_word' id='word_1_129' title='bbox 578 1811 614 1872; x_wconf 87' lang='lat' dir='ltr'><strong>ut</strong></span> <span class='ocrx_word' id='word_1_130' title='bbox 630 1834 701 1871; x_wconf 91' lang='lat' dir='ltr'><strong>mea</strong></span> <span class='ocrx_word' id='word_1_131' title='bbox 718 1833 801 1902; x_wconf 61' lang='lat' dir='ltr'><strong>vox,</strong></span> <span class='ocrx_word' id='word_1_132' title='bbox 817 1827 898 1896; x_wconf 83' lang='lat' dir='ltr'><strong>quae</strong></span> <span class='ocrx_word' id='word_1_133' title='bbox 917 1814 1016 1873; x_wconf 91' lang='lat' dir='ltr'><strong>debet</strong></span> <span class='ocrx_word' id='word_1_134' title='bbox 1037 1833 1110 1873; x_wconf 88' lang='lat' dir='ltr'><strong>esse</strong></span> <span class='ocrx_word' id='word_1_135' title='bbox 1128 1813 1163 1872; x_wconf 90' lang='lat' dir='ltr'><strong>in</strong></span> <span class='ocrx_word' id='word_1_136' title='bbox 1180 1809 1326 1894; x_wconf 78' lang='lat' dir='ltr'><strong>republica</strong></span> 
     </span>
     <span class='ocr_line' id='line_1_18' title="bbox 142 1893 1245 1979; baseline 0.004 -28"><span class='ocrx_word' id='word_1_137' title='bbox 142 1941 149 1951; x_wconf 81' lang='grc'>,</span> <span class='ocrx_word' id='word_1_138' title='bbox 246 1896 421 1979; x_wconf 84' lang='lat' dir='ltr'><strong>princeps,</strong></span> <span class='ocrx_word' id='word_1_139' title='bbox 444 1895 548 1956; x_wconf 85' lang='lat' dir='ltr'><strong>officio</strong></span> <span class='ocrx_word' id='word_1_140' title='bbox 570 1893 682 1955; x_wconf 77' lang='lat' dir='ltr'><strong>iuncta</strong></span> <span class='ocrx_word' id='word_1_141' title='bbox 699 1894 864 1955; x_wconf 88' lang='lat' dir='ltr'><strong>consulari</strong></span> <span class='ocrx_word' id='word_1_142' title='bbox 879 1895 1058 1957; x_wconf 76' lang='lat' dir='ltr'><strong>rideretur.</strong></span> <span class='ocrx_word' id='word_1_143' title='bbox 1242 1902 1245 1912; x_wconf 73' lang='grc'><em>’</em></span> 
     </span>
    </p>
   </div>
   <div class='ocr_carea' id='block_1_4' title="bbox 97 1977 1326 2058">
    <p class='ocr_par' dir='ltr' id='par_1_4' title="bbox 97 1977 1326 2058">
     <span class='ocr_line' id='line_1_19' title="bbox 97 1977 1326 2058; baseline -0.007 -15"><span class='ocrx_word' id='word_1_144' title='bbox 97 2011 105 2016; x_wconf 94' lang='grc'>·</span> <span class='ocrx_word' id='word_1_145' title='bbox 198 1993 239 2048; x_wconf 77' lang='lat'><strong>20</strong></span> <span class='ocrx_word' id='word_1_146' title='bbox 310 1980 392 2041; x_wconf 78' lang='lat' dir='ltr'><strong>(lar.</strong></span> <span class='ocrx_word' id='word_1_147' title='bbox 412 1978 454 2038; x_wconf 87' lang='lat' dir='ltr'><strong>X.</strong></span> <span class='ocrx_word' id='word_1_148' title='bbox 498 1979 593 2039; x_wconf 83' lang='lat' dir='ltr'><strong>Nune</strong></span> <span class='ocrx_word' id='word_1_149' title='bbox 612 1987 804 2058; x_wconf 86' lang='lat' dir='ltr'><strong>antequam,</strong></span> <span class='ocrx_word' id='word_1_150' title='bbox 826 1978 863 2038; x_wconf 85' lang='lat' dir='ltr'><strong>P.</strong></span> <span class='ocrx_word' id='word_1_151' title='bbox 883 1979 947 2053; x_wconf 71' lang='lat' dir='ltr'><strong>G.,⁴</strong></span> <span class='ocrx_word' id='word_1_152' title='bbox 965 1980 1006 2039; x_wconf 86' lang='lat' dir='ltr'><strong>ad</strong></span> <span class='ocrx_word' id='word_1_153' title='bbox 1023 1978 1222 2040; x_wconf 86' lang='lat' dir='ltr'><strong>sententia</strong></span> <span class='ocrx_word' id='word_1_154' title='bbox 1237 1977 1326 2044; x_wconf 83' lang='lat' dir='ltr'><strong>redeo,</strong></span> 
     </span>
    </p>
   </div>
   <div class='ocr_carea' id='block_1_5' title="bbox 133 2061 1330 2646">
    <p class='ocr_par' dir='ltr' id='par_1_5' title="bbox 200 2061 1329 2308">
     <span class='ocr_line' id='line_1_20' title="bbox 247 2061 1327 2145; baseline -0.006 -21"><span class='ocrx_word' id='word_1_155' title='bbox 247 2064 288 2125; x_wconf 89' lang='lat' dir='ltr'><strong>de</strong></span> <span class='ocrx_word' id='word_1_156' title='bbox 304 2085 353 2122; x_wconf 91' lang='lat' dir='ltr'><strong>me</strong></span> <span class='ocrx_word' id='word_1_157' title='bbox 371 2083 474 2142; x_wconf 85' lang='lat' dir='ltr'><strong>pauca</strong></span> <span class='ocrx_word' id='word_1_158' title='bbox 492 2061 608 2121; x_wconf 86' lang='lat' dir='ltr'><strong>dicam.</strong></span> <span class='ocrx_word' id='word_1_159' title='bbox 642 2062 726 2142; x_wconf 78' lang='lat' dir='ltr'><strong>Ego,</strong></span> <span class='ocrx_word' id='word_1_160' title='bbox 749 2069 871 2145; x_wconf 86' lang='lat' dir='ltr'><strong>quauta</strong></span> <span class='ocrx_word' id='word_1_161' title='bbox 889 2079 1002 2124; x_wconf 86' lang='lat' dir='ltr'><strong>manus</strong></span> <span class='ocrx_word' id='word_1_162' title='bbox 1024 2071 1075 2124; x_wconf 86' lang='lat' dir='ltr'><strong>est</strong></span> <span class='ocrx_word' id='word_1_163' title='bbox 1093 2062 1327 2126; x_wconf 84' lang='lat' dir='ltr'><strong>coniuratorum,</strong></span> 
     </span>
     <span class='ocr_line' id='line_1_21' title="bbox 216 2140 1328 2230; baseline -0.006 -24"><span class='ocrx_word' id='word_1_164' title='bbox 216 2199 219 2206; x_wconf 92' lang='lat'><strong>.</strong></span> <span class='ocrx_word' id='word_1_165' title='bbox 248 2168 341 2230; x_wconf 88' lang='lat' dir='ltr'><strong>quam</strong></span> <span class='ocrx_word' id='word_1_166' title='bbox 363 2145 483 2206; x_wconf 84' lang='lat' dir='ltr'><strong>videtis</strong></span> <span class='ocrx_word' id='word_1_167' title='bbox 505 2165 578 2204; x_wconf 90' lang='lat' dir='ltr'><strong>esse</strong></span> <span class='ocrx_word' id='word_1_168' title='bbox 599 2165 822 2226; x_wconf 75' lang='lat' dir='ltr'><strong>permagnam,</strong></span> <span class='ocrx_word' id='word_1_169' title='bbox 843 2153 967 2208; x_wconf 90' lang='lat' dir='ltr'><strong>tantam</strong></span> <span class='ocrx_word' id='word_1_170' title='bbox 982 2167 1031 2206; x_wconf 90' lang='lat' dir='ltr'><strong>mc</strong></span> <span class='ocrx_word' id='word_1_171' title='bbox 1048 2145 1255 2206; x_wconf 86' lang='lat' dir='ltr'><strong>inimieorum</strong></span> <span class='ocrx_word' id='word_1_172' title='bbox 1269 2140 1328 2202; x_wconf 89' lang='lat' dir='ltr'><strong>mul·</strong></span> 
     </span>
     <span class='ocr_line' id='line_1_22' title="bbox 200 2227 1329 2308; baseline -0.006 -17"><span class='ocrx_word' id='word_1_173' title='bbox 200 2255 202 2260; x_wconf 93' lang='lat'>·</span> <span class='ocrx_word' id='word_1_174' title='bbox 247 2229 421 2292; x_wconf 84' lang='lat' dir='ltr'><strong>titudinem</strong></span> <span class='ocrx_word' id='word_1_175' title='bbox 449 2227 637 2308; x_wconf 82' lang='lat' dir='ltr'><strong>suscepisse</strong></span> <span class='ocrx_word' id='word_1_176' title='bbox 667 2228 784 2288; x_wconf 76' lang='lat' dir='ltr'><strong>rideo:</strong></span> <span class='ocrx_word' id='word_1_177' title='bbox 817 2228 968 2290; x_wconf 87' lang='lat' dir='ltr'><strong>sedeam</strong></span> <span class='ocrx_word' id='word_1_178' title='bbox 994 2251 1066 2294; x_wconf 86' lang='lat' dir='ltr'><strong>esse</strong></span> <span class='ocrx_word' id='word_1_179' title='bbox 1091 2230 1203 2290; x_wconf 87' lang='lat' dir='ltr'><strong>iudico</strong></span> <span class='ocrx_word' id='word_1_180' title='bbox 1225 2238 1329 2307; x_wconf 85' lang='lat' dir='ltr'><strong>turpem</strong></span> 
     </span>
    </p>

    <p class='ocr_par' dir='ltr' id='par_1_6' title="bbox 133 2311 1330 2646">
     <span class='ocr_line' id='line_1_23' title="bbox 239 2311 1329 2396; baseline -0.001 -28"><span class='ocrx_word' id='word_1_181' title='bbox 239 2313 474 2383; x_wconf 80' lang='lat' dir='ltr'><strong>etintirmam,</strong></span> <span class='ocrx_word' id='word_1_182' title='bbox 507 2317 702 2375; x_wconf 78' lang='lat' dir='ltr'><strong>contemtum</strong></span> <span class='ocrx_word' id='word_1_183' title='bbox 728 2319 761 2371; x_wconf 90' lang='lat' dir='ltr'><strong>et</strong></span> <span class='ocrx_word' id='word_1_184' title='bbox 785 2312 954 2374; x_wconf 86' lang='lat' dir='ltr'><strong>abiectam.</strong></span> <span class='ocrx_word' id='word_1_185' title='bbox 997 2313 1126 2390; x_wconf 78' lang='lat' dir='ltr'><strong>Quodsi</strong></span> <span class='ocrx_word' id='word_1_186' title='bbox 1154 2311 1329 2396; x_wconf 84' lang='lat' dir='ltr'><strong>aliquando,</strong></span> 
     </span>
     <span class='ocr_line' id='line_1_24' title="bbox 167 2394 1329 2476; baseline -0.003 -20"><span class='ocrx_word' id='word_1_187' title='bbox 167 2401 169 2408; x_wconf 80' lang='grc'>’</span> <span class='ocrx_word' id='word_1_188' title='bbox 249 2396 387 2456; x_wconf 87' lang='lat' dir='ltr'><strong>alicuius</strong></span> <span class='ocrx_word' id='word_1_189' title='bbox 407 2395 517 2456; x_wconf 87' lang='lat' dir='ltr'><strong>furore</strong></span> <span class='ocrx_word' id='word_1_190' title='bbox 537 2395 570 2454; x_wconf 80' lang='lat' dir='ltr'><strong>et</strong></span> <span class='ocrx_word' id='word_1_191' title='bbox 595 2394 721 2464; x_wconf 75' lang='lat' dir='ltr'><strong>scelere,</strong></span> <span class='ocrx_word' id='word_1_192' title='bbox 746 2395 924 2472; x_wconf 84' lang='lat' dir='ltr'><strong>concitate,</strong></span> <span class='ocrx_word' id='word_1_193' title='bbox 943 2419 1054 2457; x_wconf 88' lang='lat' dir='ltr'><strong>manus</strong></span> <span class='ocrx_word' id='word_1_194' title='bbox 1071 2398 1136 2457; x_wconf 88' lang='lat' dir='ltr'><strong>ista</strong></span> <span class='ocrx_word' id='word_1_195' title='bbox 1154 2396 1229 2476; x_wconf 91' lang='lat' dir='ltr'><strong>plus</strong></span> <span class='ocrx_word' id='word_1_196' title='bbox 1243 2395 1329 2456; x_wconf 83' lang='lat' dir='ltr'><strong>value-</strong></span> 
     </span>
     <span class='ocr_line' id='line_1_25' title="bbox 248 2477 1329 2561; baseline -0.004 -23"><span class='ocrx_word' id='word_1_197' title='bbox 248 2481 305 2551; x_wconf 83' lang='lat' dir='ltr'><strong>rit,</strong></span> <span class='ocrx_word' id='word_1_198' title='bbox 327 2500 423 2561; x_wconf 85' lang='lat' dir='ltr'><strong>quam</strong></span> <span class='ocrx_word' id='word_1_199' title='bbox 434 2486 544 2538; x_wconf 81' lang='lat' dir='ltr'><strong>restra</strong></span> <span class='ocrx_word' id='word_1_200' title='bbox 561 2501 597 2539; x_wconf 85' lang='lat' dir='ltr'><strong>ac</strong></span> <span class='ocrx_word' id='word_1_201' title='bbox 614 2477 814 2558; x_wconf 85' lang='lat' dir='ltr'><strong>reipublicae</strong></span> <span class='ocrx_word' id='word_1_202' title='bbox 833 2479 996 2560; x_wconf 67' lang='lat' dir='ltr'><strong>dignitas3</strong></span> <span class='ocrx_word' id='word_1_203' title='bbox 1017 2501 1066 2540; x_wconf 92' lang='lat' dir='ltr'><strong>me</strong></span> <span class='ocrx_word' id='word_1_204' title='bbox 1083 2489 1194 2540; x_wconf 89' lang='lat' dir='ltr'><strong>tamen</strong></span> <span class='ocrx_word' id='word_1_205' title='bbox 1210 2495 1329 2545; x_wconf 71' lang='lat' dir='ltr'><strong>nieorum</strong></span> 
     </span>
     <span class='ocr_line' id='line_1_26' title="bbox 133 2557 1330 2646; baseline 0.003 -24"><span class='ocrx_word' id='word_1_206' title='bbox 133 2567 139 2574; x_wconf 82' lang='grc'><em>“</em></span> <span class='ocrx_word' id='word_1_207' title='bbox 248 2561 395 2642; x_wconf 79' lang='lat' dir='ltr'><strong>laborum</strong></span> <span class='ocrx_word' id='word_1_208' title='bbox 422 2569 520 2642; x_wconf 88' lang='lat' dir='ltr'><strong>atque</strong></span> <span class='ocrx_word' id='word_1_209' title='bbox 546 2561 756 2646; x_wconf 82' lang='lat' dir='ltr'><strong>consiliorum</strong></span> <span class='ocrx_word' id='word_1_210' title='bbox 782 2583 976 2646; x_wconf 83' lang='lat' dir='ltr'><strong>numquam,</strong></span> <span class='ocrx_word' id='word_1_211' title='bbox 1007 2572 1119 2646; x_wconf 88' lang='lat' dir='ltr'><strong>patres</strong></span> <span class='ocrx_word' id='word_1_212' title='bbox 1149 2557 1330 2642; x_wconf 71' lang='lat' dir='ltr'><strong>conscripti.</strong></span> 
     </span>
    </p>
   </div>
   <div class='ocr_carea' id='block_1_6' title="bbox 306 2720 797 2792">
    <p class='ocr_par' dir='ltr' id='par_1_7' title="bbox 306 2720 797 2792">
     <span class='ocr_line' id='line_1_27' title="bbox 306 2720 797 2792; baseline -0.006 -20"><span class='ocrx_word' id='word_1_213' title='bbox 306 2720 335 2788; x_wconf 80' lang='lat' dir='ltr'><strong>l)</strong></span> <span class='ocrx_word' id='word_1_214' title='bbox 354 2720 459 2771; x_wconf 84' lang='lat' dir='ltr'><strong>Vestae</strong></span> <span class='ocrx_word' id='word_1_215' title='bbox 479 2727 647 2792; x_wconf 78' lang='lat' dir='ltr'><strong>perpetuum</strong></span> <span class='ocrx_word' id='word_1_216' title='bbox 662 2739 694 2772; x_wconf 80' lang='lat' dir='ltr'><strong>ae</strong></span> <span class='ocrx_word' id='word_1_217' title='bbox 713 2737 797 2790; x_wconf 86' lang='lat' dir='ltr'><strong>semp.</strong></span> 
     </span>
    </p>
   </div>
   <div class='ocr_carea' id='block_1_7' title="bbox 160 2851 1333 4561">
    <p class='ocr_par' dir='ltr' id='par_1_8' title="bbox 160 2851 1333 4561">
     <span class='ocr_line' id='line_1_28' title="bbox 250 2851 1330 2935; baseline -0.006 -18"><span class='ocrx_word' id='word_1_218' title='bbox 250 2873 279 2917; x_wconf 87' lang='lat' dir='ltr'><strong>et</strong></span> <span class='ocrx_word' id='word_1_219' title='bbox 292 2866 320 2916; x_wconf 92' lang='lat' dir='ltr'><strong>in</strong></span> <span class='ocrx_word' id='word_1_220' title='bbox 336 2865 460 2916; x_wconf 88' lang='lat' dir='ltr'><strong>omnibus</strong></span> <span class='ocrx_word' id='word_1_221' title='bbox 475 2865 535 2924; x_wconf 79' lang='lat' dir='ltr'><strong>iere</strong></span> <span class='ocrx_word' id='word_1_222' title='bbox 550 2867 611 2917; x_wconf 84' lang='lat' dir='ltr'><strong>edd.</strong></span> <span class='ocrx_word' id='word_1_223' title='bbox 630 2863 766 2935; x_wconf 78' lang='lat' dir='ltr'><strong>probiute</strong></span> <span class='ocrx_word' id='word_1_224' title='bbox 782 2866 931 2926; x_wconf 66' lang='lat' dir='ltr'><strong>Eruenda,</strong></span> <span class='ocrx_word' id='word_1_225' title='bbox 952 2867 1027 2934; x_wconf 85' lang='lat' dir='ltr'><strong>quod</strong></span> <span class='ocrx_word' id='word_1_226' title='bbox 1040 2851 1189 2918; x_wconf 62' lang='lat' dir='ltr'><strong>uumerum&#39;</strong></span> <span class='ocrx_word' id='word_1_227' title='bbox 1201 2873 1230 2917; x_wconf 89' lang='lat' dir='ltr'><strong>et</strong></span> <span class='ocrx_word' id='word_1_228' title='bbox 1246 2863 1330 2916; x_wconf 82' lang='lat' dir='ltr'><strong>concir-</strong></span> 
     </span>
     <span class='ocr_line' id='line_1_29' title="bbox 249 2933 1331 3008; baseline -0.002 -22"><span class='ocrx_word' id='word_1_229' title='bbox 249 2937 363 2988; x_wconf 88' lang='lat' dir='ltr'><strong>nitatem</strong></span> <span class='ocrx_word' id='word_1_230' title='bbox 382 2943 491 2986; x_wconf 86' lang='lat' dir='ltr'><strong>secutus</strong></span> <span class='ocrx_word' id='word_1_231' title='bbox 511 2939 547 2988; x_wconf 87' lang='lat' dir='ltr'><strong>sit</strong></span> <span class='ocrx_word' id='word_1_232' title='bbox 566 2935 724 2990; x_wconf 74' lang='lat' dir='ltr'><strong>Cicero.³-</strong></span> <span class='ocrx_word' id='word_1_233' title='bbox 754 2939 788 2988; x_wconf 88' lang='lat' dir='ltr'><strong>de</strong></span> <span class='ocrx_word' id='word_1_234' title='bbox 804 2938 892 3006; x_wconf 72' lang='lat' dir='ltr'><strong>Legg.</strong></span> <span class='ocrx_word' id='word_1_235' title='bbox 909 2938 942 2987; x_wconf 91' lang='grc' dir='ltr'>Π</span> <span class='ocrx_word' id='word_1_236' title='bbox 959 2937 995 2989; x_wconf 78' lang='lat'><strong>8:</strong></span> <span class='ocrx_word' id='word_1_237' title='bbox 1034 2937 1159 3008; x_wconf 62' lang='lat' dir='ltr'><strong>Virgines</strong></span> <span class='ocrx_word' id='word_1_238' title='bbox 1179 2933 1331 2987; x_wconf 53' lang='lat' dir='ltr'><strong>Vestales&amp;</strong></span> 
     </span>
     <span class='ocr_line' id='line_1_30' title="bbox 250 3001 1330 3079; baseline -0.002 -23"><span class='ocrx_word' id='word_1_239' title='bbox 250 3008 315 3057; x_wconf 87' lang='lat' dir='ltr'><strong>urbe</strong></span> <span class='ocrx_word' id='word_1_240' title='bbox 331 3005 498 3057; x_wconf 73' lang='lat' dir='ltr'><strong>custodiente</strong></span> <span class='ocrx_word' id='word_1_241' title='bbox 517 3009 603 3077; x_wconf 77' lang='lat' dir='ltr'><strong>ipnem</strong></span> <span class='ocrx_word' id='word_1_242' title='bbox 617 3008 673 3076; x_wconf 72' lang='lat' dir='ltr'><strong>[bei</strong></span> <span class='ocrx_word' id='word_1_243' title='bbox 688 3009 793 3076; x_wconf 78' lang='lat' dir='ltr'><strong>publici</strong></span> <span class='ocrx_word' id='word_1_244' title='bbox 807 3011 1000 3079; x_wconf 66' lang='lat' dir='ltr'><strong>senpiternam.</strong></span> <span class='ocrx_word' id='word_1_245' title='bbox 1027 3008 1108 3060; x_wconf 83' lang='lat' dir='ltr'><strong>ovid.</strong></span> <span class='ocrx_word' id='word_1_246' title='bbox 1124 3009 1201 3059; x_wconf 84' lang='lat' dir='ltr'><strong>Fast.</strong></span> <span class='ocrx_word' id='word_1_247' title='bbox 1219 3008 1263 3056; x_wconf 80' lang='lat' dir='ltr'><strong>v]</strong></span> <span class='ocrx_word' id='word_1_248' title='bbox 1275 3001 1330 3056; x_wconf 69' lang='lat' dir='ltr'><strong>stt·</strong></span> 
     </span>
     <span class='ocr_line' id='line_1_31' title="bbox 250 3078 1331 3150; baseline -0.002 -23"><span class='ocrx_word' id='word_1_249' title='bbox 250 3079 328 3127; x_wconf 80' lang='lat' dir='ltr'><strong>Deua</strong></span> <span class='ocrx_word' id='word_1_250' title='bbox 343 3085 439 3144; x_wconf 82' lang='lat' dir='ltr'><strong>qnater</strong></span> <span class='ocrx_word' id='word_1_251' title='bbox 452 3086 596 3130; x_wconf 84' lang='lat' dir='ltr'><strong>memorant</strong></span> <span class='ocrx_word' id='word_1_252' title='bbox 612 3079 737 3132; x_wconf 77' lang='lat' dir='ltr'><strong>babuisse</strong></span> <span class='ocrx_word' id='word_1_253' title='bbox 753 3079 858 3132; x_wconf 77' lang='lat' dir='ltr'><strong>Palilia</strong></span> <span class='ocrx_word' id='word_1_254' title='bbox 873 3079 999 3136; x_wconf 75' lang='lat' dir='ltr'><strong>Bauium,</strong></span> <span class='ocrx_word' id='word_1_255' title='bbox 1027 3078 1114 3142; x_wconf 81' lang='lat' dir='ltr'><strong>Qreurrr</strong></span> <span class='ocrx_word' id='word_1_256' title='bbox 1125 3078 1251 3150; x_wconf 76' lang='lat' dir='ltr'><strong>floremus</strong></span> <span class='ocrx_word' id='word_1_257' title='bbox 1265 3081 1331 3127; x_wconf 75' lang='lat' dir='ltr'><strong>eusttt</strong></span> 
     </span>
     <span class='ocr_line' id='line_1_32' title="bbox 250 3145 1331 3220; baseline -0.004 -21"><span class='ocrx_word' id='word_1_258' title='bbox 250 3149 317 3200; x_wconf 76' lang='lat' dir='ltr'><strong>aede</strong></span> <span class='ocrx_word' id='word_1_259' title='bbox 338 3149 447 3217; x_wconf 55' lang='lat' dir='ltr'><strong>&#39;re&#39;eepta</strong></span> <span class='ocrx_word' id='word_1_260' title='bbox 471 3167 521 3199; x_wconf 84' lang='lat' dir='ltr'><strong>suu</strong></span> <span class='ocrx_word' id='word_1_261' title='bbox 547 3157 605 3211; x_wconf 85' lang='lat' dir='ltr'><strong>est;</strong></span> <span class='ocrx_word' id='word_1_262' title='bbox 634 3149 717 3220; x_wconf 76' lang='lat' dir='ltr'><strong>Repis</strong></span> <span class='ocrx_word' id='word_1_263' title='bbox 736 3166 800 3218; x_wconf 85' lang='lat' dir='ltr'><strong>opus</strong></span> <span class='ocrx_word' id='word_1_264' title='bbox 813 3151 932 3218; x_wconf 80' lang='lat' dir='ltr'><strong>placidi,</strong></span> <span class='ocrx_word' id='word_1_265' title='bbox 961 3168 1012 3218; x_wconf 82' lang='lat' dir='ltr'><strong>quo</strong></span> <span class='ocrx_word' id='word_1_266' title='bbox 1028 3168 1081 3199; x_wconf 88' lang='lat' dir='ltr'><strong>non</strong></span> <span class='ocrx_word' id='word_1_267' title='bbox 1097 3151 1255 3200; x_wconf 84' lang='lat' dir='ltr'><strong>metuentius</strong></span> <span class='ocrx_word' id='word_1_268' title='bbox 1269 3145 1331 3197; x_wconf 66' lang='lat' dir='ltr'><strong>ratur</strong></span> 
     </span>
     <span class='ocr_line' id='line_1_33' title="bbox 173 3220 989 3288; baseline 0 -18"><span class='ocrx_word' id='word_1_269' title='bbox 173 3257 175 3262; x_wconf 74' lang='lat'><em>·</em></span> <span class='ocrx_word' id='word_1_270' title='bbox 252 3220 375 3270; x_wconf 84' lang='lat' dir='ltr'><strong>Numinis</strong></span> <span class='ocrx_word' id='word_1_271' title='bbox 392 3221 524 3288; x_wconf 76' lang='lat' dir='ltr'><strong>inpeuinrn</strong></span> <span class='ocrx_word' id='word_1_272' title='bbox 540 3227 615 3270; x_wconf 84' lang='lat' dir='ltr'><strong>terra</strong></span> <span class='ocrx_word' id='word_1_273' title='bbox 635 3221 739 3271; x_wconf 83' lang='lat' dir='ltr'><strong>Sabina</strong></span> <span class='ocrx_word' id='word_1_274' title='bbox 756 3221 829 3271; x_wconf 73' lang='lat' dir='ltr'><strong>uelit.</strong></span> <span class='ocrx_word' id='word_1_275' title='bbox 985 3275 989 3280; x_wconf 55' lang='grc'><strong><em>,</em></strong></span> 
     </span>
     <span class='ocr_line' id='line_1_34' title="bbox 247 3285 1332 3360; baseline 0.001 -22"><span class='ocrx_word' id='word_1_276' title='bbox 247 3286 249 3293; x_wconf 75' lang='grc'><em>’</em></span> <span class='ocrx_word' id='word_1_277' title='bbox 304 3307 358 3339; x_wconf 82' lang='lat' dir='ltr'><strong>rena</strong></span> <span class='ocrx_word' id='word_1_278' title='bbox 375 3289 437 3340; x_wconf 80' lang='lat' dir='ltr'><strong>nex.</strong></span> <span class='ocrx_word' id='word_1_279' title='bbox 473 3291 543 3341; x_wconf 84' lang='lat' dir='ltr'><strong>Mihi</strong></span> <span class='ocrx_word' id='word_1_280' title='bbox 562 3292 712 3360; x_wconf 74' lang='lat' dir='ltr'><strong>significari</strong></span> <span class='ocrx_word' id='word_1_281' title='bbox 730 3293 842 3344; x_wconf 83' lang='lat' dir='ltr'><strong>ridetur</strong></span> <span class='ocrx_word' id='word_1_282' title='bbox 856 3307 910 3340; x_wconf 83' lang='lat' dir='ltr'><strong>nox</strong></span> <span class='ocrx_word' id='word_1_283' title='bbox 923 3291 988 3349; x_wconf 87' lang='lat' dir='ltr'><strong>illa,</strong></span> <span class='ocrx_word' id='word_1_284' title='bbox 1016 3309 1095 3358; x_wconf 82' lang='lat' dir='ltr'><strong>quern</strong></span> <span class='ocrx_word' id='word_1_285' title='bbox 1119 3297 1216 3341; x_wconf 87' lang='lat' dir='ltr'><strong>secuta</strong></span> <span class='ocrx_word' id='word_1_286' title='bbox 1237 3296 1276 3341; x_wconf 88' lang='lat' dir='ltr'><strong>est</strong></span> <span class='ocrx_word' id='word_1_287' title='bbox 1291 3285 1332 3334; x_wconf 73' lang='lat' dir='ltr'><strong>ditt</strong></span> 
     </span>
     <span class='ocr_line' id='line_1_35' title="bbox 252 3355 1332 3431; baseline -0.006 -20"><span class='ocrx_word' id='word_1_288' title='bbox 252 3355 303 3411; x_wconf 83' lang='grc' dir='ltr'><strong>ΠΙ</strong></span> <span class='ocrx_word' id='word_1_289' title='bbox 317 3359 421 3411; x_wconf 75' lang='lat' dir='ltr'><strong>Nouoi.</strong></span> <span class='ocrx_word' id='word_1_290' title='bbox 438 3361 506 3412; x_wconf 85' lang='lat' dir='ltr'><strong>Dec.</strong></span> <span class='ocrx_word' id='word_1_291' title='bbox 522 3369 640 3431; x_wconf 83' lang='lat' dir='ltr'><strong>propter</strong></span> <span class='ocrx_word' id='word_1_292' title='bbox 655 3363 741 3415; x_wconf 84' lang='lat' dir='ltr'><strong>rerba</strong></span> <span class='ocrx_word' id='word_1_293' title='bbox 755 3361 816 3412; x_wconf 81' lang='lat' dir='ltr'><strong>(lic.</strong></span> <span class='ocrx_word' id='word_1_294' title='bbox 828 3363 856 3412; x_wconf 89' lang='lat' dir='ltr'><strong>in</strong></span> <span class='ocrx_word' id='word_1_295' title='bbox 874 3378 914 3411; x_wconf 91' lang='lat' dir='ltr'><strong>or.</strong></span> <span class='ocrx_word' id='word_1_296' title='bbox 930 3377 957 3430; x_wconf 90' lang='lat' dir='ltr'><strong>p.</strong></span> <span class='ocrx_word' id='word_1_297' title='bbox 970 3362 1073 3418; x_wconf 82' lang='lat' dir='ltr'><strong>Flacco</strong></span> <span class='ocrx_word' id='word_1_298' title='bbox 1091 3378 1150 3428; x_wconf 81' lang='lat' dir='ltr'><strong>cap.</strong></span> <span class='ocrx_word' id='word_1_299' title='bbox 1167 3360 1211 3411; x_wconf 72' lang='grc'><strong>40</strong></span> <span class='ocrx_word' id='word_1_300' title='bbox 1227 3360 1272 3428; x_wconf 90' lang='lat' dir='ltr'><strong>[in</strong></span> <span class='ocrx_word' id='word_1_301' title='bbox 1285 3357 1332 3406; x_wconf 73' lang='lat' dir='ltr'><strong>nott</strong></span> 
     </span>
     <span class='ocr_line' id='line_1_36' title="bbox 253 3430 1331 3502; baseline -0.007 -20"><span class='ocrx_word' id='word_1_302' title='bbox 253 3432 289 3482; x_wconf 82' lang='lat' dir='ltr'><strong>ad</strong></span> <span class='ocrx_word' id='word_1_303' title='bbox 305 3431 355 3481; x_wconf 90' lang='lat'><strong>111</strong></span> <span class='ocrx_word' id='word_1_304' title='bbox 373 3431 477 3499; x_wconf 77' lang='lat' dir='ltr'><strong>cat..§.</strong></span> <span class='ocrx_word' id='word_1_305' title='bbox 496 3431 541 3500; x_wconf 62' lang='grc' dir='ltr'><strong>ὃ]</strong></span> <span class='ocrx_word' id='word_1_306' title='bbox 579 3434 641 3483; x_wconf 77' lang='lat' dir='ltr'><strong>Atii</strong></span> <span class='ocrx_word' id='word_1_307' title='bbox 663 3434 824 3500; x_wconf 77' lang='lat' dir='ltr'><strong>intelligunt</strong></span> <span class='ocrx_word' id='word_1_308' title='bbox 845 3440 953 3483; x_wconf 88' lang='lat' dir='ltr'><strong>noctem</strong></span> <span class='ocrx_word' id='word_1_309' title='bbox 977 3433 1094 3502; x_wconf 86' lang='lat' dir='ltr'><strong>primam</strong></span> <span class='ocrx_word' id='word_1_310' title='bbox 1113 3430 1331 3496; x_wconf 75' lang='lat' dir='ltr'><strong>saturnaliorum.</strong></span> 
     </span>
     <span class='ocr_line' id='line_1_37' title="bbox 252 3495 1332 3572; baseline -0.004 -19"><span class='ocrx_word' id='word_1_311' title='bbox 252 3505 288 3553; x_wconf 91' lang='lat' dir='ltr'><strong>de</strong></span> <span class='ocrx_word' id='word_1_312' title='bbox 309 3519 362 3570; x_wconf 89' lang='lat' dir='ltr'><strong>qua</strong></span> <span class='ocrx_word' id='word_1_313' title='bbox 387 3521 412 3554; x_wconf 88' lang='lat' dir='ltr'><strong>v.</strong></span> <span class='ocrx_word' id='word_1_314' title='bbox 428 3502 478 3551; x_wconf 93' lang='lat' dir='ltr'><strong>III</strong></span> <span class='ocrx_word' id='word_1_315' title='bbox 496 3502 559 3554; x_wconf 83' lang='lat' dir='ltr'><strong>Cat.</strong></span> <span class='ocrx_word' id='word_1_316' title='bbox 581 3505 604 3572; x_wconf 65' lang='grc' dir='ltr'><strong>ξ.</strong></span> <span class='ocrx_word' id='word_1_317' title='bbox 622 3503 668 3554; x_wconf 83' lang='lat'><strong>10.</strong></span> <span class='ocrx_word' id='word_1_318' title='bbox 705 3505 740 3554; x_wconf 88' lang='lat' dir='ltr'><strong>In</strong></span> <span class='ocrx_word' id='word_1_319' title='bbox 758 3503 1002 3572; x_wconf 54' lang='lat' dir='ltr'><strong>scr-,bissubseqcp</strong></span> <span class='ocrx_word' id='word_1_320' title='bbox 1021 3503 1187 3570; x_wconf 83' lang='lat' dir='ltr'><strong>particulam</strong></span> <span class='ocrx_word' id='word_1_321' title='bbox 1207 3517 1293 3568; x_wconf 75' lang='lat' dir='ltr'><strong>quam,</strong></span> <span class='ocrx_word' id='word_1_322' title='bbox 1314 3495 1332 3542; x_wconf 66' lang='lat' dir='ltr'><strong>iu</strong></span> 
     </span>
     <span class='ocr_line' id='line_1_38' title="bbox 255 3571 1332 3650; baseline -0.002 -27"><span class='ocrx_word' id='word_1_323' title='bbox 255 3574 351 3650; x_wconf 71' lang='lat' dir='ltr'><strong>codice</strong></span> <span class='ocrx_word' id='word_1_324' title='bbox 375 3573 536 3624; x_wconf 82' lang='lat' dir='ltr'><strong>Erfurtensi</strong></span> <span class='ocrx_word' id='word_1_325' title='bbox 561 3593 576 3624; x_wconf 88' lang='lat' dir='ltr'><strong>a</strong></span> <span class='ocrx_word' id='word_1_326' title='bbox 598 3591 679 3624; x_wconf 87' lang='lat' dir='ltr'><strong>manu</strong></span> <span class='ocrx_word' id='word_1_327' title='bbox 700 3576 857 3626; x_wconf 80' lang='lat' dir='ltr'><strong>recentiore</strong></span> <span class='ocrx_word' id='word_1_328' title='bbox 876 3575 1109 3643; x_wconf 84' lang='lat' dir='ltr'><strong>superscriptam,</strong></span> <span class='ocrx_word' id='word_1_329' title='bbox 1139 3591 1172 3624; x_wconf 86' lang='lat' dir='ltr'><strong>ex</strong></span> <span class='ocrx_word' id='word_1_330' title='bbox 1189 3571 1284 3624; x_wconf 83' lang='lat' dir='ltr'><strong>Calon.</strong></span> <span class='ocrx_word' id='word_1_331' title='bbox 1298 3577 1332 3615; x_wconf 76' lang='lat'>⁵11⁰</span> 
     </span>
     <span class='ocr_line' id='line_1_39' title="bbox 251 3639 1332 3714; baseline -0.011 -20"><span class='ocrx_word' id='word_1_332' title='bbox 251 3645 391 3703; x_wconf 81' lang='lat' dir='ltr'><strong>secundo,</strong></span> <span class='ocrx_word' id='word_1_333' title='bbox 413 3644 511 3712; x_wconf 86' lang='lat' dir='ltr'><strong>quibus</strong></span> <span class='ocrx_word' id='word_1_334' title='bbox 529 3645 637 3695; x_wconf 84' lang='lat' dir='ltr'><strong>accedit</strong></span> <span class='ocrx_word' id='word_1_335' title='bbox 653 3645 758 3713; x_wconf 73' lang='lat' dir='ltr'><strong>Regius</strong></span> <span class='ocrx_word' id='word_1_336' title='bbox 774 3645 901 3714; x_wconf 87' lang='lat' dir='ltr'><strong>optimus,</strong></span> <span class='ocrx_word' id='word_1_337' title='bbox 915 3651 992 3696; x_wconf 85' lang='lat' dir='ltr'><strong>teste</strong></span> <span class='ocrx_word' id='word_1_338' title='bbox 1009 3643 1126 3694; x_wconf 85' lang='lat' dir='ltr'><strong>Lallenr.</strong></span> <span class='ocrx_word' id='word_1_339' title='bbox 1142 3645 1251 3713; x_wconf 84' lang='lat' dir='ltr'><strong>recepit</strong></span> <span class='ocrx_word' id='word_1_340' title='bbox 1266 3639 1332 3689; x_wconf 80' lang='lat' dir='ltr'><strong>Grae·</strong></span> 
     </span>
     <span class='ocr_line' id='line_1_40' title="bbox 255 3711 1331 3784; baseline 0 -20"><span class='ocrx_word' id='word_1_341' title='bbox 255 3715 330 3773; x_wconf 90' lang='lat' dir='ltr'><strong>rius,</strong></span> <span class='ocrx_word' id='word_1_342' title='bbox 349 3714 486 3782; x_wconf 85' lang='lat' dir='ltr'><strong>probante</strong></span> <span class='ocrx_word' id='word_1_343' title='bbox 503 3711 676 3775; x_wconf 79' lang='lat' dir='ltr'><strong>Garatonio,</strong></span> <span class='ocrx_word' id='word_1_344' title='bbox 696 3716 786 3784; x_wconf 90' lang='lat' dir='ltr'><strong>quiin</strong></span> <span class='ocrx_word' id='word_1_345' title='bbox 802 3715 958 3766; x_wconf 84' lang='lat' dir='ltr'><strong>Barberino</strong></span> <span class='ocrx_word' id='word_1_346' title='bbox 976 3715 1094 3766; x_wconf 71' lang='lat' dir='ltr'><strong>invenite</strong></span> <span class='ocrx_word' id='word_1_347' title='bbox 1121 3731 1174 3764; x_wconf 83' lang='lat' dir='ltr'><strong>una</strong></span> <span class='ocrx_word' id='word_1_348' title='bbox 1188 3732 1243 3764; x_wconf 82' lang='lat' dir='ltr'><strong>uox</strong></span> <span class='ocrx_word' id='word_1_349' title='bbox 1256 3721 1331 3780; x_wconf 59' lang='lat' dir='ltr'><strong>pact*</strong></span> 
     </span>
     <span class='ocr_line' id='line_1_41' title="bbox 160 3783 1332 3851; baseline -0.001 -18"><span class='ocrx_word' id='word_1_350' title='bbox 160 3787 162 3792; x_wconf 88' lang='grc'><strong>’</strong></span> <span class='ocrx_word' id='word_1_351' title='bbox 255 3802 305 3851; x_wconf 76' lang='lat' dir='ltr'><strong>que</strong></span> <span class='ocrx_word' id='word_1_352' title='bbox 322 3783 459 3846; x_wconf 76' lang='lat' dir='ltr'><strong>deleverit.</strong></span> <span class='ocrx_word' id='word_1_353' title='bbox 495 3786 531 3835; x_wconf 90' lang='lat' dir='ltr'><strong>In</strong></span> <span class='ocrx_word' id='word_1_354' title='bbox 550 3787 651 3838; x_wconf 79' lang='lat' dir='ltr'><strong>ceteris</strong></span> <span class='ocrx_word' id='word_1_355' title='bbox 668 3785 787 3837; x_wconf 81' lang='lat' dir='ltr'><strong>Gruteri</strong></span> <span class='ocrx_word' id='word_1_356' title='bbox 803 3792 831 3837; x_wconf 89' lang='lat' dir='ltr'><strong>et</strong></span> <span class='ocrx_word' id='word_1_357' title='bbox 848 3784 965 3838; x_wconf 78' lang='lat' dir='ltr'><strong>Graevii</strong></span> <span class='ocrx_word' id='word_1_358' title='bbox 982 3784 1081 3843; x_wconf 84' lang='lat' dir='ltr'><strong>libris,</strong></span> <span class='ocrx_word' id='word_1_359' title='bbox 1109 3801 1228 3835; x_wconf 87' lang='lat' dir='ltr'><strong>necnon</strong></span> <span class='ocrx_word' id='word_1_360' title='bbox 1245 3785 1332 3847; x_wconf 70' lang='lat' dir='ltr'><strong>inqua·</strong></span> 
     </span>
     <span class='ocr_line' id='line_1_42' title="bbox 254 3846 1332 3923; baseline -0.002 -17"><span class='ocrx_word' id='word_1_361' title='bbox 254 3863 320 3906; x_wconf 88' lang='lat' dir='ltr'><strong>tuor</strong></span> <span class='ocrx_word' id='word_1_362' title='bbox 335 3856 421 3906; x_wconf 80' lang='lat' dir='ltr'><strong>Bass.</strong></span> <span class='ocrx_word' id='word_1_363' title='bbox 434 3854 519 3907; x_wconf 72' lang='lat' dir='ltr'><strong>Parr:</strong></span> <span class='ocrx_word' id='word_1_364' title='bbox 533 3854 604 3907; x_wconf 63' lang='grc' dir='ltr'><strong>Ου’.</strong></span> <span class='ocrx_word' id='word_1_365' title='bbox 620 3862 655 3912; x_wconf 84' lang='grc' dir='ltr'><strong>τὸ</strong></span> <span class='ocrx_word' id='word_1_366' title='bbox 672 3873 750 3923; x_wconf 72' lang='lat' dir='ltr'><strong>quum</strong></span> <span class='ocrx_word' id='word_1_367' title='bbox 766 3857 911 3908; x_wconf 88' lang='lat' dir='ltr'><strong>omittitur.</strong></span> <span class='ocrx_word' id='word_1_368' title='bbox 931 3885 962 3896; x_wconf 88' lang='lat'><strong>·-</strong></span> <span class='ocrx_word' id='word_1_369' title='bbox 999 3856 1100 3906; x_wconf 75' lang='lat' dir='ltr'><strong>Horat.</strong></span> <span class='ocrx_word' id='word_1_370' title='bbox 1114 3855 1168 3905; x_wconf 80' lang='lat' dir='ltr'><strong>od.</strong></span> <span class='ocrx_word' id='word_1_371' title='bbox 1182 3856 1217 3906; x_wconf 88' lang='grc' dir='ltr'><strong>ΙΙ</strong></span> <span class='ocrx_word' id='word_1_372' title='bbox 1232 3853 1276 3911; x_wconf 77' lang='lat' dir='ltr'><strong>ld,</strong></span> <span class='ocrx_word' id='word_1_373' title='bbox 1292 3846 1332 3899; x_wconf 70' lang='lat' dir='ltr'><strong>ll‘</strong></span> 
     </span>
     <span class='ocr_line' id='line_1_43' title="bbox 259 3912 1333 3998; baseline -0.002 -24"><span class='ocrx_word' id='word_1_374' title='bbox 259 3925 346 3987; x_wconf 83' lang='lat' dir='ltr'><strong>Quum</strong></span> <span class='ocrx_word' id='word_1_375' title='bbox 363 3941 448 3995; x_wconf 80' lang='lat' dir='ltr'><strong>paene</strong></span> <span class='ocrx_word' id='word_1_376' title='bbox 470 3925 567 3995; x_wconf 70' lang='lat' dir='ltr'><strong>furvae</strong></span> <span class='ocrx_word' id='word_1_377' title='bbox 588 3943 671 3998; x_wconf 78' lang='lat' dir='ltr'><strong>repnte</strong></span> <span class='ocrx_word' id='word_1_378' title='bbox 696 3927 924 3997; x_wconf 83' lang='lat' dir='ltr'><strong>Proserpinae-</strong></span> <span class='ocrx_word' id='word_1_379' title='bbox 944 3926 1088 3990; x_wconf 51' lang='lat' dir='ltr'><strong>videnum„</strong></span> <span class='ocrx_word' id='word_1_380' title='bbox 1106 3925 1173 3976; x_wconf 86' lang='lat' dir='ltr'><strong>Ter.</strong></span> <span class='ocrx_word' id='word_1_381' title='bbox 1190 3925 1286 3976; x_wconf 82' lang='lat' dir='ltr'><strong>fleant</strong></span> <span class='ocrx_word' id='word_1_382' title='bbox 1301 3912 1333 3966; x_wconf 74' lang='lat' dir='ltr'><strong>lv</strong></span> 
     </span>
     <span class='ocr_line' id='line_1_44' title="bbox 256 3982 1332 4067; baseline 0.003 -22"><span class='ocrx_word' id='word_1_383' title='bbox 256 3995 292 4056; x_wconf 75' lang='lat'><strong>6,</strong></span> <span class='ocrx_word' id='word_1_384' title='bbox 314 3994 367 4046; x_wconf 70' lang='lat'><strong>102</strong></span> <span class='ocrx_word' id='word_1_385' title='bbox 387 3996 492 4062; x_wconf 28' lang='lat' dir='ltr'><strong>„Quam</strong></span> <span class='ocrx_word' id='word_1_386' title='bbox 513 4015 599 4065; x_wconf 85' lang='lat' dir='ltr'><strong>paene</strong></span> <span class='ocrx_word' id='word_1_387' title='bbox 621 4005 670 4047; x_wconf 69' lang='lat' dir='ltr'><strong>tua.</strong></span> <span class='ocrx_word' id='word_1_388' title='bbox 692 4009 731 4047; x_wconf 80' lang='lat' dir='ltr'><strong>ure</strong></span> <span class='ocrx_word' id='word_1_389' title='bbox 744 3997 866 4066; x_wconf 86' lang='lat' dir='ltr'><strong>perdidit</strong></span> <span class='ocrx_word' id='word_1_390' title='bbox 885 3999 1060 4067; x_wconf 61' lang='lat' dir='ltr'><strong>protervitas„</strong></span> <span class='ocrx_word' id='word_1_391' title='bbox 1097 3996 1158 4048; x_wconf 85' lang='lat' dir='ltr'><strong>Cio.</strong></span> <span class='ocrx_word' id='word_1_392' title='bbox 1176 3997 1256 4048; x_wconf 85' lang='lat' dir='ltr'><strong>Tuse.</strong></span> <span class='ocrx_word' id='word_1_393' title='bbox 1272 3982 1332 4041; x_wconf 66' lang='lat' dir='ltr'><strong>IVl</strong></span> 
     </span>
     <span class='ocr_line' id='line_1_45' title="bbox 258 4062 1332 4139; baseline -0.009 -22"><span class='ocrx_word' id='word_1_394' title='bbox 258 4073 348 4117; x_wconf 66' lang='lat' dir='ltr'><strong>extu:</strong></span> <span class='ocrx_word' id='word_1_395' title='bbox 387 4062 473 4128; x_wconf 81' lang='lat' dir='ltr'><strong>Quam</strong></span> <span class='ocrx_word' id='word_1_396' title='bbox 489 4069 563 4118; x_wconf 80' lang='lat' dir='ltr'><strong>breui</strong></span> <span class='ocrx_word' id='word_1_397' title='bbox 577 4076 692 4136; x_wconf 86' lang='lat' dir='ltr'><strong>tempere</strong></span> <span class='ocrx_word' id='word_1_398' title='bbox 707 4075 770 4134; x_wconf 83' lang='lat' dir='ltr'><strong>quot</strong></span> <span class='ocrx_word' id='word_1_399' title='bbox 784 4071 919 4134; x_wconf 70' lang='lat' dir='ltr'><strong>etquauti</strong></span> <span class='ocrx_word' id='word_1_400' title='bbox 928 4075 1025 4139; x_wconf 80' lang='lat' dir='ltr'><strong>poetae</strong></span> <span class='ocrx_word' id='word_1_401' title='bbox 1033 4104 1042 4126; x_wconf 93' lang='lat'><strong>,</strong></span> <span class='ocrx_word' id='word_1_402' title='bbox 1069 4069 1116 4134; x_wconf 81' lang='lat' dir='ltr'><strong>qui</strong></span> <span class='ocrx_word' id='word_1_403' title='bbox 1133 4074 1219 4120; x_wconf 79' lang='lat' dir='ltr'><strong>autem</strong></span> <span class='ocrx_word' id='word_1_404' title='bbox 1235 4069 1332 4116; x_wconf 75' lang='lat' dir='ltr'><strong>oratores</strong></span> 
     </span>
     <span class='ocr_line' id='line_1_46' title="bbox 211 4135 1331 4208; baseline -0.003 -21"><span class='ocrx_word' id='word_1_405' title='bbox 211 4143 229 4194; x_wconf 68' lang='lat' dir='ltr'><strong>t</strong></span> <span class='ocrx_word' id='word_1_406' title='bbox 258 4139 442 4208; x_wconf 76' lang='lat' dir='ltr'><strong>exstiterunt?</strong></span> <span class='ocrx_word' id='word_1_407' title='bbox 479 4135 550 4206; x_wconf 79' lang='lat' dir='ltr'><strong>Nep.</strong></span> <span class='ocrx_word' id='word_1_408' title='bbox 568 4139 668 4188; x_wconf 86' lang='lat' dir='ltr'><strong>Timol.</strong></span> <span class='ocrx_word' id='word_1_409' title='bbox 685 4139 721 4198; x_wconf 71' lang='lat'><strong>2,</strong></span> <span class='ocrx_word' id='word_1_410' title='bbox 740 4139 775 4189; x_wconf 63' lang='grc' dir='ltr'><strong>Ως</strong></span> <span class='ocrx_word' id='word_1_411' title='bbox 812 4140 848 4190; x_wconf 88' lang='lat' dir='ltr'><strong>Ut</strong></span> <span class='ocrx_word' id='word_1_412' title='bbox 861 4158 920 4192; x_wconf 38' lang='lat' dir='ltr'><strong>*non</strong></span> <span class='ocrx_word' id='word_1_413' title='bbox 937 4140 1022 4190; x_wconf 84' lang='lat' dir='ltr'><strong>solnm</strong></span> <span class='ocrx_word' id='word_1_414' title='bbox 1044 4140 1155 4189; x_wconf 76' lang='lat' dir='ltr'><strong>muribus</strong></span> <span class='ocrx_word' id='word_1_415' title='bbox 1176 4139 1331 4208; x_wconf 73' lang='lat' dir='ltr'><strong>acciperetur.</strong></span> 
     </span>
     <span class='ocr_line' id='line_1_47' title="bbox 258 4204 1331 4279; baseline 0 -21"><span class='ocrx_word' id='word_1_416' title='bbox 258 4204 306 4258; x_wconf 83' lang='lat' dir='ltr'><strong>sed</strong></span> <span class='ocrx_word' id='word_1_417' title='bbox 323 4205 508 4258; x_wconf 74' lang='lat' dir='ltr'><strong>minusculis</strong></span> <span class='ocrx_word' id='word_1_418' title='bbox 528 4217 696 4269; x_wconf 80' lang='lat' dir='ltr'><strong>cerneretur,</strong></span> <span class='ocrx_word' id='word_1_419' title='bbox 724 4227 798 4274; x_wconf 77' lang='lat' dir='ltr'><strong>quem</strong></span> <span class='ocrx_word' id='word_1_420' title='bbox 813 4218 839 4261; x_wconf 85' lang='lat' dir='ltr'><strong>et</strong></span> <span class='ocrx_word' id='word_1_421' title='bbox 859 4229 893 4261; x_wconf 84' lang='lat' dir='ltr'><strong>ex</strong></span> <span class='ocrx_word' id='word_1_422' title='bbox 910 4219 1009 4279; x_wconf 78' lang='lat' dir='ltr'><strong>quanto</strong></span> <span class='ocrx_word' id='word_1_423' title='bbox 1028 4227 1109 4278; x_wconf 73' lang='lat' dir='ltr'><strong>repno</strong></span> <span class='ocrx_word' id='word_1_424' title='bbox 1126 4207 1162 4258; x_wconf 86' lang='lat' dir='ltr'><strong>ud</strong></span> <span class='ocrx_word' id='word_1_425' title='bbox 1178 4227 1254 4275; x_wconf 78' lang='lat' dir='ltr'><strong>quam</strong></span> <span class='ocrx_word' id='word_1_426' title='bbox 1265 4204 1331 4275; x_wconf 56' lang='grc' dir='ltr'><strong>[ΜΝ</strong></span> 
     </span>
     <span class='ocr_line' id='line_1_48' title="bbox 259 4271 1329 4351; baseline -0.004 -19"><span class='ocrx_word' id='word_1_427' title='bbox 259 4296 321 4332; x_wconf 74' lang='lat' dir='ltr'><strong>sam</strong></span> <span class='ocrx_word' id='word_1_428' title='bbox 332 4277 497 4330; x_wconf 72' lang='lat' dir='ltr'><strong>detmarisrrt.</strong></span> <span class='ocrx_word' id='word_1_429' title='bbox 534 4297 558 4332; x_wconf 83' lang='lat' dir='ltr'><strong>r.</strong></span> <span class='ocrx_word' id='word_1_430' title='bbox 578 4279 802 4349; x_wconf 65' lang='lat' dir='ltr'><strong>dispumare</strong></span> <span class='ocrx_word' id='word_1_431' title='bbox 822 4279 909 4350; x_wconf 57' lang='lat' dir='ltr'><strong>§bb</strong></span> <span class='ocrx_word' id='word_1_432' title='bbox 926 4311 958 4322; x_wconf 84' lang='lat'><strong>--</strong></span> <span class='ocrx_word' id='word_1_433' title='bbox 993 4281 1094 4332; x_wconf 85' lang='lat' dir='ltr'><strong>Paullo</strong></span> <span class='ocrx_word' id='word_1_434' title='bbox 1111 4271 1329 4351; x_wconf 64' lang='lat' dir='ltr'><strong>postponit·</strong></span> 
     </span>
     <span class='ocr_line' id='line_1_49' title="bbox 260 4343 1329 4420; baseline 0 -20"><span class='ocrx_word' id='word_1_435' title='bbox 260 4367 322 4400; x_wconf 81' lang='lat' dir='ltr'><strong>cum</strong></span> <span class='ocrx_word' id='word_1_436' title='bbox 339 4349 412 4400; x_wconf 88' lang='lat' dir='ltr'><strong>Pall.</strong></span> <span class='ocrx_word' id='word_1_437' title='bbox 428 4348 578 4419; x_wconf 73' lang='lat' dir='ltr'><strong>praebent:</strong></span> <span class='ocrx_word' id='word_1_438' title='bbox 604 4353 707 4420; x_wconf 82' lang='lat' dir='ltr'><strong>pessit,</strong></span> <span class='ocrx_word' id='word_1_439' title='bbox 738 4368 755 4401; x_wconf 80' lang='lat' dir='ltr'><strong>n</strong></span> <span class='ocrx_word' id='word_1_440' title='bbox 777 4353 853 4404; x_wconf 82' lang='lat' dir='ltr'><strong>vobis</strong></span> <span class='ocrx_word' id='word_1_441' title='bbox 868 4352 931 4407; x_wconf 81' lang='lat' dir='ltr'><strong>bod.</strong></span> <span class='ocrx_word' id='word_1_442' title='bbox 960 4358 987 4404; x_wconf 93' lang='lat' dir='ltr'><strong>et</strong></span> <span class='ocrx_word' id='word_1_443' title='bbox 1004 4353 1069 4403; x_wconf 81' lang='lat' dir='ltr'><strong>Par.</strong></span> <span class='ocrx_word' id='word_1_444' title='bbox 1087 4351 1116 4404; x_wconf 72' lang='lat' dir='ltr'><strong>a.</strong></span> <span class='ocrx_word' id='word_1_445' title='bbox 1133 4349 1203 4402; x_wconf 76' lang='lat'><strong>011.</strong></span> <span class='ocrx_word' id='word_1_446' title='bbox 1222 4349 1277 4403; x_wconf 84' lang='lat' dir='ltr'><strong>edd.</strong></span> <span class='ocrx_word' id='word_1_447' title='bbox 1291 4343 1329 4396; x_wconf 66' lang='lat' dir='ltr'><strong>Vt</strong></span> 
     </span>
     <span class='ocr_line' id='line_1_50' title="bbox 260 4419 1328 4494; baseline -0.002 -24"><span class='ocrx_word' id='word_1_448' title='bbox 260 4427 324 4472; x_wconf 80' lang='lat' dir='ltr'><strong>aete</strong></span> <span class='ocrx_word' id='word_1_449' title='bbox 340 4422 439 4480; x_wconf 84' lang='lat' dir='ltr'><strong>altera,</strong></span> <span class='ocrx_word' id='word_1_450' title='bbox 459 4421 548 4486; x_wconf 74' lang='lat' dir='ltr'><strong>Naug.</strong></span> <span class='ocrx_word' id='word_1_451' title='bbox 562 4421 667 4478; x_wconf 74' lang='lat' dir='ltr'><strong>Manat,</strong></span> <span class='ocrx_word' id='word_1_452' title='bbox 681 4421 777 4472; x_wconf 77' lang='lat' dir='ltr'><strong>bamb.</strong></span> <span class='ocrx_word' id='word_1_453' title='bbox 795 4422 888 4477; x_wconf 67' lang='lat'><strong>{5662</strong></span> <span class='ocrx_word' id='word_1_454' title='bbox 905 4425 999 4494; x_wconf 84' lang='lat' dir='ltr'><strong>pessit,</strong></span> <span class='ocrx_word' id='word_1_455' title='bbox 1017 4423 1091 4477; x_wconf 75' lang='lat' dir='ltr'><strong>uobis</strong></span> <span class='ocrx_word' id='word_1_456' title='bbox 1105 4419 1165 4474; x_wconf 73' lang='lat' dir='ltr'><strong>tort</strong></span> <span class='ocrx_word' id='word_1_457' title='bbox 1180 4450 1211 4470; x_wconf 59' lang='grc' dir='ltr'><strong>ω-</strong></span> <span class='ocrx_word' id='word_1_458' title='bbox 1231 4421 1328 4478; x_wconf 69' lang='lat' dir='ltr'><strong>lterum·</strong></span> 
     </span>
     <span class='ocr_line' id='line_1_51' title="bbox 263 4489 921 4561; baseline 0.008 -21"><span class='ocrx_word' id='word_1_459' title='bbox 263 4489 358 4543; x_wconf 69' lang='lat' dir='ltr'><strong>tdb‘lr</strong></span> <span class='ocrx_word' id='word_1_460' title='bbox 375 4493 464 4561; x_wconf 78' lang='lat' dir='ltr'><strong>pessit</strong></span> <span class='ocrx_word' id='word_1_461' title='bbox 477 4507 496 4543; x_wconf 72' lang='lat' dir='ltr'><strong>s</strong></span> <span class='ocrx_word' id='word_1_462' title='bbox 510 4492 630 4552; x_wconf 67' lang='lat' dir='ltr'><strong>stetim,</strong></span> <span class='ocrx_word' id='word_1_463' title='bbox 649 4493 725 4546; x_wconf 81' lang='lat' dir='ltr'><strong>uobis</strong></span> <span class='ocrx_word' id='word_1_464' title='bbox 741 4491 800 4545; x_wconf 74' lang='lat' dir='ltr'><strong>tort.</strong></span> <span class='ocrx_word' id='word_1_465' title='bbox 917 4502 921 4519; x_wconf 79' lang='lat'><strong>¹</strong></span> 
     </span>
    </p>
   </div>
   <div class='ocr_carea' id='block_1_8' title="bbox 0 0 1408 5012">
    <p class='ocr_par' dir='ltr' id='par_1_9' title="bbox 0 0 1408 5012">
     <span class='ocr_line' id='line_1_52' title="bbox 0 0 1408 5012; baseline 0 0"><span class='ocrx_word' id='word_1_466' title='bbox 0 0 1408 5012; x_wconf 95' lang='lat' dir='ltr'><strong> </strong></span> 
     </span>
    </p>
   </div>
  </div>
 </body>
</html>
