2782 5022
242 454 246 466 ,
293 409 386 463 ruo
415 395 601 462 anunm
626 407 794 498 nonna.
1015 407 1109 483 uel·

30 579 210 642 noliensium
225 577 395 659 publicas3
419 599 497 664 quas
511 576 747 652 Italieo'bello,
769 579 904 638 ineens'o
924 575 1098 649 tabulario,

29 665 157 723 interisse
179 661 294 721 seimus
316 683 436 722 omnes.
481 657 543 721 Est
564 659 758 734 ridiculum,
783 662 823 720 ad
846 673 905 734 ee,
938 681 1019 744 quae
1043 659 1098 719 lun-

30 747 130 818 bemus,
151 744 230 804 nihil
246 745 374 818 dicere,
397 767 564 830 quaerere,
588 767 669 828 quae
688 743 807 805 habere
828 767 894 806 non
910 765 1099 825 possumus:

32 839 55 889 et
71 831 105 888 de
121 828 277 910 hominum
298 825 601 900 memoriatacere,
623 827 790 889 literarum
808 827 991 890 memoriam
1012 825 1099 906 flagi·
1194 877 1197 882 .

30 923 97 972 tere:
126 918 177 984 et,
200 933 270 971 eum
290 911 411 972 habeas
436 909 624 991 amplissimi
638 913 704 972 'viri
725 911 937 992 religionem,
958 910 1101 989 integer·
1143 915 1145 920 '

30 995 86 1055 rimi
103 995 263 1075 municipii
282 994 504 1056 iusiurandum
526 995 707 1078 fidemque,
741 1017 797 1068 ea,
830 1016 910 1078 quae
932 991 1102 1073 depravari

31 1078 206 1138 nullomodo
224 1087 380 1158 possunt,
415 1076 606 1158 repudiare,
639 1079 789 1150 tubulas,
813 1077 996 1160 qnasidcm
1017 1075 1100 1136 dicis

32 1161 309 1242 solereeorrumpi,
333 1159 530 1222 desiderare.
574 1159 619 1220 At
634 1161 835 1221 domicilium
854 1149 975 1221 Iloma'e
990 1158 1017 1245 ¹)
1035 1156 1099 1218 n'on
1131 1166 1154 1218 9

31 1243 120 1303 habuit
133 1246 172 1318 is,
196 1245 250 1328 qui
268 1253 318 1304 tot
336 1247 427 1304 annis
445 1252 519 1303 aute
535 1244 699 1304 civitatem
715 1243 821 1304 datum
838 1245 947 1304 sedem
963 1243 1116 1326 omnium⁸
1212 1251 1216 1258 ’
1235 1277 1236 1284 .

34 1349 114 1387 rerum
136 1349 173 1388 'ao
203 1329 405 1388 fortunarum
432 1350 558 1389 suarum
577 1327 696 1388 Romae
719 1327 925 1388 collocavit?
947 1329 1013 1386 ,Αἱ
1037 1347 1102 1384 non

36 1420 71 1470 est
84 1413 251 1490 professum
290 1413 390 1471 Immo
409 1433 485 1472 vero
503 1412 543 1471 iis
564 1410 685 1470 tabulis
702 1412 883 1490 professae,
908 1433 989 1494 quae
1013 1408 1101 1469 solae

35 1514 61 1552 er
78 1493 127 1552 illa
142 1495 346 1576 professione
366 1494 505 1573 collegio
531 1513 570 1554 ue
590 1503 794 1573 praetorum,
830 1495 980 1576 obtinent
997 1491 1103 1573 publi-

35 1578 311 1638 eurum‘tahulurum
334 1519 570 1637 auetoritatim.

80 1660 145 1720 Gar.
167 1662 207 1720 V.
251 1661 332 1720 Nam
354 1682 425 1719 cum
442 1662 543 1742 Appii
568 1659 697 1720 tabulae
717 1659 936 1740 negligentius
960 1681 1105 1720 asserva-

36 1744 286 1818 taedieerentur3
317 1743 468 1817 Gabinii,
499 1743 650 1826 quamdiu
667 1741 839 1818 incolumis
860 1743 945 1813 tuit,
968 1741 1103 1815 levitae,
1190 1749 1194 1764 “

40 1880 108 1892 ..ι-

79 1975 132 2040 llio
149 1977 237 2030 Italia
256 1994 319 2030 uon.

38 2175 113 2220 neoto:
137 2171 292 2240 adscriptus
316 2179 355 2221 cut
377 2172 405 2221 in
426 2171 543 2222 ordinem
559 2167 774 2222 Heracliensium
794 2171 870 2221 ciuis.
907 2167 967 2222 cia.
985 2169 1018 2220 de
1039 2169 1104 2221 Nat.

37 2235 61 2288 l)-
72 2238 110 2288 ΠΙ
125 2241 160 2292 {tt
176 2250 268 2294 extr.=
301 2241 444 2293 dtorrmlum
464 2245 550 2294 nostri
565 2243 690 2309 aliosque
707 2242 853 2312 complures
874 2271 904 2282 -
924 2243 1002 2307 quari
1021 2259 1120 2291 nouos.

35 2315 54 2355 et
69 2305 313 2384 adscriptitios
339 2315 435 2364 ciues
457 2314 485 2365 in
504 2314 603 2363 coelum
625 2319 742 2383 receptos
764 2315 872 2382 putant.
905 2312 1052 2363 Ernestius
1066 2317 1102 2368 τὸ

35 2377 164 2448 adscriptum
183 2403 245 2437 esse
262 2403 277 2435 a
295 2384 448 2450 glossatore
465 2387 581 2454 putavit.
659 2439 662 2446 y
715 2418 717 2426 ι
887 2441 896 2456 .
1008 2439 1013 2447 .

70 2450 112 2502 llic
129 2461 158 2503 tu
176 2485 208 2495 -
228 2454 377 2511 desideras.
411 2455 490 2506 Inest
508 2455 640 2524 quaedum
658 2453 828 2521 indignatio,
855 2459 886 2504 ut
902 2471 929 2520 p.
949 2452 1031 2502 Sulla
1049 2449 1104 2502 24:

34 2517 71 2568 llic
89 2529 113 2571 tu
132 2526 273 2594 epistolam
292 2543 374 2576 meam
394 2541 472 2646 cerff
496 2528 603 2577 recitas.
645 2524 730 2574 Verr.
746 2523 842 2574 V22=
876 2523 930 2572 Hic
947 2523 1105 2588 mileietiana

34 2590 115 2642 audebit
137 2599 292 2646 retentionem
315 2595 405 2664 facere
464 2599 609 2646 amertinac
636 2595 822 2644 laudationis?
868 2613 895 2662 p.
922 2594 1014 2644 Balbo
1046 2593 1103 2644 22:

35 2657 108 2712 iliata
125 2663 171 2717 Cn.
190 2667 312 2735 Pompeii
328 2667 479 2738 beneficium
493 2667 628 2738 infirmare
642 2667 758 2718 conaris.
794 2665 935 2716 Manutius
948 2666 1044 2716 laudat
1060 2683 1103 2732 ep.

35 2731 205 2792 aaranvll
223 2737 278 2790 15:
313 2737 367 2787 Hic
389 2741 570 2800 tumcetiam
588 2737 734 2789 insimulas.
774 2736 846 2787 etv
866 2735 921 2786 152
957 2736 1055 2785 Hieta
1072 2753 1104 2784 ea

33 2816 59 2849 me
69 2805 148 2856 abesse
159 2811 224 2868 urbe
240 2805 357 2874 mirdris.
393 2809 483 2860 Priare
498 2810 585 2878 igitur
599 2807 698 2858 Ambr.
714 2807 840 2876 palimps.
859 2806 944 2857 habet
959 2805 1110 2871 desiderem

31 2870 202 2939 significantur
218 2879 246 2930 h.
262 2881 281 2930 l.
296 2879 407 2930 tabulae
425 2880 571 2948 publicae,
599 2881 627 2930 in
646 2879 744 2948 quibus
761 2879 869 2928 nomina
891 2878 1001 2930 ciuitate
1021 2873 1103 2926 dond-

32 2945 101 2994 tomm
113 2948 196 3000 ineisa
213 2958 302 3002 erunt.
339 2967 364 3002 v.
381 2953 456 3002 Fam.
472 2951 551 3002 XIII
567 2949 616 3002 56.

70 3015 115 3065 Est
130 3022 281 3072 ridiculum.
307 3039 368 3090 v.p
392 3023 465 3072 Mur.
483 3021 505 3090 fi.
520 3019 568 3074 68.
586 3052 618 3062 -
655 3020 818 3089 rcliqioncm,
839 3019 901 3086 quia
914 3017 1002 3086 jurati
1019 3023 1104 3066 testes
1176 3073 1183 3094 Ι

31 3081 143 3140 dicebant.
178 3093 318 3144 Asconius
336 3093 365 3143 in
380 3091 574 3145 Verr.15et
591 3090 640 3142 55.
666 3091 741 3141 Iline
758 3087 819 3140 Cio.
837 3108 864 3158 p.
883 3090 990 3138 Scauro
1007 3089 1030 3155 ξ
1049 3085 1103 3138 58:
1202 3107 1205 3116 ’

33 3151 96 3206 Vettio
111 3160 254 3221 adtestes,
281 3166 309 3213 in
325 3165 419 3230 qaaibue
435 3163 550 3223 docebo,
576 3180 627 3212 non
644 3158 930 3229 modouullamlidem
945 3167 970 3208 et
988 3159 1104 3208 auctori-

31 3229 106 3286 tatem,
124 3231 169 3281 sed
183 3251 215 3282 ne
233 3235 345 3315 speciem
362 3233 466 3300 paridem
482 3253 537 3284 esse
555 3240 603 3284 ant
617 3233 758 3302 imaginem
774 3232 888 3280 testium.
908 3249 935 3298 p.
948 3229 1052 3281 Flacco
1067 3227 1104 3280 4:

33 3291 225 3353 Testimoniorum
244 3305 398 3374 reliqionem
416 3313 442 3354 et
458 3303 538 3374 fidem
556 3321 695 3369 numquam
714 3303 768 3350 ista
786 3302 860 3353 natio
881 3301 972 3350 coluit.
1065 3345 1067 3350 .
1125 3325 1127 3332 s

69 3367 88 3434 ξ.
104 3369 130 3422 9.
164 3374 261 3425 domic.
278 3375 386 3430 Romae.
422 3375 550 3425 Probae
574 3391 643 3425 omn.
666 3373 746 3422 codd.
767 3379 795 3424 et
819 3371 880 3422 edd.
899 3377 966 3422 vett.
984 3371 1104 3422 lectione

31 3429 152 3494 Lambinus
169 3446 258 3498 edidit
274 3449 302 3496 in
317 3445 412 3503 Italia,
430 3445 566 3514 probante
582 3444 722 3498 Ernestio.
740 3472 772 3482 —
807 3442 894 3492 sedem
905 3471 936 3480 -
952 3441 1105 3502 collocarit.

32 3503 55 3586 ‘lt
69 3508 130 3580 llep.
144 3515 176 3564 Π
195 3516 250 3567 19ι
291 3515 343 3566 Vir
366 3517 435 3565 liber
455 3534 486 3565 ac
504 3510 586 3584 sortis
605 3515 723 3564 adscitus
742 3520 783 3562 est
802 3514 869 3563 ciuis
889 3531 906 3562 a
929 3511 1104 3578 Tarquinien-

31 3577 99 3639 ttltt,
129 3592 207 3652 atque
231 3587 260 3636 in
284 3591 316 3636 cd
334 3588 444 3638 civitate
462 3580 624 3636 domicilium
642 3591 668 3633 et
686 3584 761 3634 sedes
781 3585 932 3634 collocavit.
970 3584 998 3632 in
1019 3583 1104 3632 Vcrr.

32 3641 93 3700 ¹15:
120 3656 192 3706 aedes
211 3676 243 3708 ac
263 3651 426 3708 domicilium
445 3657 586 3706 collocare.
623 3655 658 3704 In
675 3655 768 3707 verbis
789 3654 1021 3724 praecedentibus
1036 3667 1105 3702 unus

32 3709 78 3768 lar.
94 3720 120 3773 9.
133 3745 191 3781 curn
208 3730 252 3778 ed.
270 3728 393 3780 Romanu
412 3733 439 3778 et
453 3728 569 3778 Venetia
587 3727 690 3777 retinet
707 3732 742 3781 τὸ
759 3731 848 3791 arram¹
867 3725 941 3793 quod
964 3743 979 3774 u
1003 3723 1105 3776 ceteris

32 3789 93 3852 codd.
107 3802 132 3846 ct
144 3798 253 3850 Veneta
270 3797 349 3850 1472
367 3799 453 3850 abest.
492 3799 565 3848 Hine
584 3796 665 3846 Parr.
683 3796 709 3846 I.
723 3795 752 3846 d.
773 3795 800 3846 ⁷.
817 3795 859 3846 8..
878 3795 938 3844 Em.
957 3791 1045 3845 Arcb.
1069 3811 1104 3848 m.

31 3869 71 3907 tec.
86 3879 139 3914 eum
150 3867 224 3920 Pith.
243 3875 271 3922 et
285 3870 385 3920 Franc.
400 3870 507 3937 primo:
527 3870 604 3918 antris
624 3869 734 3918 civitate
753 3866 827 3916 data.

69 3930 100 3982 V·
125 3928 224 4008 3Appti.
260 3940 381 3992 Videtur
404 3939 449 3990 bie
473 3957 531 3994 esse
547 3939 657 4007 Appius
672 3936 806 3988 Claudius
824 3937 932 3994 minor,
959 3933 990 3985 P.
1008 3933 1105 3984 Clodii

30 4005 109 4078 pater,
128 4008 160 4058 de
176 4029 229 4077 quo
247 4009 308 4062 cie.
323 4031 351 4080 p.
368 4009 483 4061 Plancio
498 4011 554 4061 Ἧι
585 4009 678 4068 Vidit,
699 4038 730 4060 -τ
750 4007 866 4077 Appiam
880 4004 1012 4063 Clodium,
1030 4006 1104 4056 nobi-

31 4065 136 4124 larinum
159 4079 304 4140 bominem,
337 4083 398 4131 vivo
416 4088 496 4150 patre
518 4099 581 4140 ruo,
608 4080 791 4150 potentissimo
812 4086 838 4128 ct
861 4077 1010 4128 clarissimo
1030 4078 1105 4133 ciue,

32 4134 55 4187 C.
73 4141 173 4208 Clodio,
200 4151 312 4202 aedilem
334 4169 387 4202 non
411 4167 466 4201 esse
487 4150 603 4220 factum,
631 4158 660 4206 et,
677 4149 784 4200 cundem
806 4150 863 4198 sinc
880 4147 988 4216 repulsa
1003 4146 1105 4215 factum

32 4224 74 4291 ‘tfc
87 4220 211 4270 carnalem
238 4222 319 4290 [eum
336 4222 367 4274 P.
386 4221 508 4274 Seruilio
526 4223 611 4272 Vatia
626 4221 752 4271 Isaurico
771 4239 794 4269 a.
813 4238 840 4269 u.
859 4237 882 4270 e.
899 4217 968 4270 6⁷5.
986 4235 1011 4270 v.
1028 4217 1104 4286 App.

34 4275 109 4334 (1qu
126 4289 217 4359 105];
237 4311 263 4361 p.
282 4295 361 4343 domo
379 4291 416 4343 51
438 4300 522 4344 exte:
561 4293 644 4342 Pater
659 4298 736 4347 tune,
756 4308 813 4340 curn
831 4289 864 4340 dc
878 4306 907 4340 co
926 4290 1048 4339 tribunus
1063 4286 1103 4355 pl.

31 4358 210 4428 immigraret,
229 4364 320 4415 adesse
333 4370 444 4434 propter
460 4363 629 4431 iniquitatem
644 4359 761 4411 Cinnani
775 4362 899 4430 temporis
913 4359 1009 4415 noluit,
1029 4359 1105 4424 eique

34 4427 146 4489 lopertum
163 4438 203 4484 ert
229 4435 393 4508 abrogatam.
430 4433 505 4488 Hine
529 4434 662 4492 efficitur,
689 4433 769 4483 illurn
792 4431 837 4485 rel
854 4437 1030 4505 praetorem,
1059 4428 1104 4479 vel
