2854 5024
244 301 321 376 ,2
503 358 506 366 ,
680 283 1015 360 oaarro

290 466 428 540 Sequitur
446 463 579 518 Narratio
598 464 641 518 rei
660 471 774 532 gestae,
802 467 843 520 ita
867 469 1021 532 adornata,
1057 479 1088 526 ut
1106 473 1138 526 S.
1154 464 1251 529 'nosen
1267 478 1360 530 innocen

361 537 460 625 tissimi
479 537 616 622 miseriae,
637 534 815 606 Chrysogoni
834 545 926 592 autem
945 549 973 594 et
992 544 1168 606 Rosciorum,
1188 549 1216 598 in
1232 567 1292 618 quos
1304 551 1361 601 nale-

360 609 564 750 5c158sps5picro
592 608 753 672 confertur,
790 612 907 663 audacia
929 619 1013 688 atque
1038 616 1157 714 iujuriae
1176 619 1360 718 9¹²”5-Pii‘m'

287 743 1024 878 cessissent‚¹²²siss.⁰s:⁰s..¹.¹.¹.:i.i
1038 757 1359 898 ¹².‘.in.s.‘¹².⁰:.⁵s³::r

1178 867 1186 890 ἱ

361 892 539 962 Chrysogoni
555 889 714 960 perniciosa
732 897 814 960 atque
833 893 1011 946 intoleranda
1028 901 1154 966 potentia
1174 902 1357 953 dicendumar

359 967 497 1018 ostendat.
534 962 557 1029 5.
577 959 702 1012 55-56.
894 1013 898 1020 ¹
1222 985 1225 992 =

208 1057 210 1064 ⁴
285 1035 312 1089 Ι.
359 1037 475 1089 Crimen
501 1033 600 1084 Erucii
628 1032 711 1083 diluit
739 1029 842 1084 Cicero
871 1028 1107 1102 argumentando,
1144 1047 1317 1093 accusatorem
1336 1059 1355 1096 a.

355 1125 447 1176 neque
467 1123 569 1176 quare,
601 1103 635 1162 h,
662 1104 752 1172 neque
777 1107 915 1172 quomodo
933 1110 1092 1176 patrems.
1111 1108 1230 1164 Roscius
1249 1113 1356 1178 occiderit

356 1179 481 1252 probare
505 1174 637 1246 potuisse.
673 1175 723 1224 Ad
749 1190 775 1223 a.
813 1173 899 1244 Quod
923 1179 1047 1247 priorem
1072 1181 1258 1250 qaiaestionem
1275 1184 1355 1238 attinet,

357 1257 454 1303 orator
474 1250 662 1306 demonstrat,
690 1263 779 1311 neque
798 1247 959 1308 audaciam,
973 1263 1076 1320 ,neque
1095 1249 1186 1314 niores
1206 1255 1276 1306 seros
1293 1261 1315 1304 et
1328 1253 1354 1300 fl..

355 1322 590 1391 gitiosos,1neque
611 1316 683 1370 aeris
702 1317 787 1366 alieni
804 1319 1031 1386 magnitudinem,
1052 1341 1120 1395 quae
1135 1317 1223 1376 lilium
1238 1325 1270 1376 ad
1285 1331 1355 1376 tantun

344 1385 462 1446 ‘lacinus
480 1386 659 1460 impulerint,
680 1387 715 1438 ab
734 1387 859 1448 Erucio,
885 1407 919 1441 ne
940 1391 1093 1463 objiciendi
1112 1395 1224 1463 quidem
1243 1414 1322 1455 causa,
1339 1394 1354 1440 in

354 1468 386 1516 S.
406 1463 538 1516 Roscium
558 1461 664 1512 collata
683 1476 751 1510 esse.
789 1459 813 1528 5.
834 1457 959 1512 58-59.
998 1463 1111 1516 Nullam
1136 1468 1223 1528 vero,
1248 1466 1353 1537 nequcir

352 1537 407 1590 filii
433 1533 557 1586 moribus
586 1531 644 1582 odii
671 1547 780 1582 causam
805 1532 900 1599 patri,
942 1551 1031 1604 neque
1062 1535 1178 1588 sceleris
1211 1537 1267 1588 lilio
1292 1538 1352 1588 luisse·

350 1610 377 1678 5·
395 1603 523 1663 40-41·
561 1601 647 1676 Qupd
664 1603 700 1652 ad
720 1599 934 1668 confirmandum
954 1605 1046 1658 odium
1074 1607 1109 1666 ab
1128 1609 1235 1661 Erucio
1254 1609 1351 1680 objectus

352 1681 408 1740 sit,
434 1677 523 1727 filium
548 1675 577 1725 iu
602 1673 719 1742 praedia
746 1673 851 1724 rustica
878 1692 895 1726 a
921 1681 1002 1744 patre
1030 1696 1088 1729 esse
1116 1680 1285 1749 relegatum,
1304 1679 1351 1728 liet

349 1747 563 1810 benevolentia,
601 1751 628 1796 et
653 1743 866 1804 consuetudine,
904 1751 932 1798 ct
949 1745 1063 1800 honoris
1082 1769 1165 1808 causa
1196 1770 1253 1804 csse
1277 1751 1348 1800 factm.

351 1823 375 1890 5.
393 1815 521 1872 ,ta-4⁷.
558 1816 712 1866 Praetcrea
730 1816 814 1866 vitam
832 1815 902 1867 hauc
922 1819 1054 1870 rusticam
1071 1840 1087 1871 a
1104 1823 1209 1882 multis,
1227 1819 1347 1894 praesertin

349 1891 504 1945 hominibus
525 1906 558 1940 cx
575 1887 733 1956 municipiis
746 1887 898 1938 rusticanis
914 1885 1134 1952 honestissimam
1149 1895 1344 1955 suavissimaque

347 1956 471 2022 haberi,
486 1967 514 2012 et
532 1979 549 2010 a
566 1959 719 2028 majoribus
738 1958 921 2030 existimatum
940 1977 1008 2012 esse.
1027 1989 1058 2000 -—
1075 1959 1109 2032 5
1130 1950 1179 2016 51.
1219 1965 1291 2015 Illud
1303 1957 1346 2010 deai-

296 2073 299 2078 -
347 2055 419 2106 que,
440 2033 515 2102 quod
535 2029 706 2082 exheredare
724 2027 812 2078 filium
829 2031 1075 2103 patepgsoluerit,
1090 2033 1205 2104 planum
1224 2037 1306 2088 lacere
1318 2045 1349 2080 acu

344 2108 427 2159 modo
446 2121 502 2155 non
520 2102 644 2173 potuisse
663 2099 806 2159 Erucium,
825 2097 921 2152 veruna
939 2118 973 2153 ne
994 2105 1122 2156 conatum
1142 2108 1255 2174 quidem
1269 2123 1350 2169 essee

251 2188 257 2205 ‘¹
344 2181 369 2248 5.
389 2175 438 2232 54.
475 2175 533 2224 Per
554 2170 755 2239 digressionem
774 2171 1024 2226 oratorirnsebitur
1040 2178 1069 2228 in
1085 2171 1350 2246 accasatorauugeaas,

344 2263 496 2314 eorumque
516 2241 701 2296 calumniandi
719 2239 881 2302 libidinem,
912 2238 942 2295 et
960 2243 1108 2306 Eruciiin
1127 2249 1280 2302 accusando
1294 2241 1350 2312 negli-

344 2321 468 2389 gentiam
486 2314 738 2384 impudentiamque
760 2314 890 2381 exagitat.
928 2315 952 2384 5.
973 2314 1109 2393 554451ΙΙ
1145 2320 1219 2374 Tum
1244 2321 1277 2372 gg
1298 2330 1348 2381 ,rga
1378 2322 1382 2338 ·

343 2397 465 2444 mentum
490 2401 635 2454 regressus
660 2383 820 2444 contendit,
855 2385 911 2454 ta'm
939 2379 1201 2456 immanefacinue'
1215 2385 1269 2446 sine
1287 2383 1348 2440 multis

284 2471 287 2476 '
345 2462 434 2513 causis
455 2465 483 2511 et
503 2457 639 2526 expressis
659 2453 776 2506 sceleris
794 2457 923 2526 vestigiis
941 2461 1019 2510 credi
1037 2479 1092 2512 non
1109 2479 1204 2534 paese,
1223 2465 1296 2532 idque
1309 2472 1346 2509 con·

342 2533 437 2585 lirmat
454 2527 611 2590 testimonio
631 2527 717 2596 ipsius
736 2532 870 2588 naturae,
898 2529 1054 2584 istiusmodi
1073 2535 1273 2604 suspicionibus
1288 2527 1345 2582 recla-

203 2647 213 2654 .
342 2602 465 2656 mitantis
485 2630 517 2640 -
537 2601 561 2668 5.
581 2597 637 2660 65ο
658 2597 691 2648 ab
713 2599 838 2665 exemplo
859 2597 1035 2654 Cloeliorum
1055 2633 1087 2644 -
1107 2605 1131 2673 5.
1151 2605 1211 2668 65,
1232 2625 1262 2660 ex
1277 2597 1345 2667 [abab

248 2672 251 2676 ’
297 2705 303 2715 ·
343 2681 489 2744 poetarum
508 2701 541 2712 -
561 2671 584 2742 5.
605 2667 663 2728 69,
684 2674 767 2738 atque
788 2687 820 2720 ex
839 2669 976 2742 singular}
994 2665 1152 2750 sapplicio,
1175 2679 1248 2747 quod
1263 2674 1344 2742 majores

343 2749 372 2798 in
390 2744 547 2816 parricidas
567 2741 763 2793 constituerint
781 2769 812 2778 -
833 2741 856 2808 5
876 2741 926 2794 72.
1069 2789 1072 2795 ,

171 2823 175 2838 “
268 2818 319 2871 Ad
337 2820 362 2870 b.
408 2816 492 2885 Quod
519 2813 636 2880 alteram
656 2810 742 2880 hujus
759 2811 1020 2878 ,argumentationis
1048 2815 1243 2884 quaestionem¹
1262 2812 1343 2868 attinet.

189 2902 210 2922 f
307 2889 445 2956 v.Cicero
467 2886 627 2957 contendit,
656 2883 687 2933 S.
706 2883 839 2934 Roscium
856 2901 945 2953 neque
964 2889 1072 2958 ipsum,
1101 2903 1195 2958 aeque·
1219 2907 1266 2960 per
1285 2884 1343 2934 alios,

191 2979 194 2988 '
340 2963 399 3014 sive
424 2959 550 3017 liberos,
579 2957 636 3007 sive
663 2971 766 3008 servos.
785 2954 838 3006 boc
863 2961 921 3007 tam
950 2957 1090 3011 occultum
1117 2961 1227 3015 facinus
1246 2955 1343 3012 conficere

340 3030 475 3103 potuisse.
506 3058 539 3070 ·-
579 3027 602 3096 5.
633 3023 681 3084 79.
731 3024 810 3077 Illud
841 3029 972 3094 quidem,
1011 3019 1069 3097 ¹quo
1109 3039 1255 3084 accusator
1279 3018 1344 3088 iuopia
1377 3037 1381 3045 ·

344 3106 568 3170 argumentorum
588 3096 746 3168 confugerit
757 3091 769 3147 ι’
793 3096 927 3166 ejusmodi
952 3107 1063 3169 tempus·
1079 3101 1182 3162 fuisse,
1211 3110 1242 3154 ut
1256 3094 1344 3156 hombli

340 3176 426 3241 vulgo
445 3173 553 3242 impunc
580 3168 791 3227 occiderentur,
822 3169 923 3221 cadere
941 3176 1034 3239 potius
1054 3174 1082 3224 in
1101 3172 1184 3226 Titos
1203 3172 1305 3226 Roscios
1322 3159 1343 3212 si·

340 3247 482 3298 coriorum
501 3245 584 3293 duces
604 3257 636 3291 ac
654 3239 805 3308 principes.
825 3267 857 3278 -
894 3241 918 3310 5.
938 3242 986 3294 82,

270 3317 329 3372 Π.
350 3315 450 3368 Erucii
469 3312 658 3365 criminatione
671 3310 831 3371 dissoluta,
851 3309 954 3364 Cicero
975 3314 1011 3363 ad
1029 3313 1146 3366 alteram
1167 3299 1343 3384 argumentatis·

342 3389 385 3440 nis
403 3393 511 3456 partein
528 3391 736 3454 transgressus,
763 3383 866 3434 crimen
884 3384 912 3434 in
931 3377 1106 3436 adversarios
1126 3379 1282 3456 retorquet,
1303 3387 1342 3445 pit

340 3460 452 3512 bando:
489 3455 517 3523 l)
537 3473 632 3506 causas
651 3455 736 3505 luisse
755 3454 926 3520 permultas,
955 3473 1024 3523 quae
1044 3455 1078 3508 Τ,
1098 3457 1233 3510 Roscium
1248 3453 1343 3517 Magnum

341 3533 378 3583 ad
404 3527 481 3580 istud
505 3528 610 3578 lacinus
638 3524 821 3585 adduxerint,
847 3527 1009 3577 tenuitatem
1029 3525 1138 3580 scilicet
1157 3528 1284 3583 bominis,
1306 3529 1342 3566 aa·

342 3602 455 3660 riflum,
485 3597 644 3656 audaciam,
678 3602 705 3646 et
731 3596 890 3648 inimicitias
919 3615 979 3648 cum
1007 3599 1037 3650 S.
1058 3598 1171 3654 Roscio.
1210 3601 1233 3668 5
1251 3579 1342 3647 85-91-

344 3673 375 3740 9)
394 3673 533 3724 Summam
554 3677 661 3737 quoque
680 3667 734 3736 ipsi
760 3666 923 3719 facultatem
947 3661 1115 3740 suscipiendi
1133 3669 1262 3724 maleficii
1278 3660 1343 3714 fuisse.

363 3743 446 3811 uippe
466 3741 514 3810 qui
532 3739 637 3792 Romae
658 3738 780 3792 assiduus
801 3756 833 3790 eo
852 3744 1002 3809 tempore,
1021 3747 1049 3792 ct
1066 3743 1230 3794 sicariorum
1246 3735 1344 3808 prinecpj

342 3763 437 3865 deerit.
458 3842 489 3851 -
509 3811 535 3880 5.
554 3809 604 3862 92.
641 3808 671 3874 ὅ)
690 3808 734 3858 Ea
753 3809 887 3879 denique,
918 3829 987 3878 quae
1012 3819 1211 3880 postmortem
1230 3811 1258 3861 s,
1276 3805 1344 3881 nescu

342 3887 417 3938 fucta
435 3883 507 3943 sint,
527 3887 626 3952 aperta
646 3886 674 3932 et
691 3879 835 3936 manifesta
852 3883 990 3949 praebere
1009 3885 1130 3944 iudicia,
1160 3885 1240 3936 Titos
1257 3877 1345 3928 Roscio

345 3956 437 4008 caedis
458 3958 586 4006 auctores
605 3952 699 4003 fuisse.
736 3951 860 4020 Namque
883 3956 910 4020 ᾳ)
931 3955 1022 4004 occiso
1040 3961 1108 4024 post
1124 3972 1235 4006 coenam
1253 3950 1280 4000 s:
1296 3943 1345 3992 11⁰⁵·

341 4028 403 4086 cio,
423 4026 461 4076 M.
483 4019 647 4084 Glauciam,
668 4022 767 4074 Roscii
783 4023 878 4092 Magni
898 4024 1026 4078 clientem
1046 4033 1074 4078 et
1092 4019 1269 4080 familiarem,
1286 4015 1345 4066 Ame-

342 4099 412 4150 riam
424 4097 527 4147 Roscio
544 4093 687 4164 Capitoni,
705 4095 850 4145 celerrime
864 4096 1010 4146 nuntiasse.
1031 4097 1054 4166 5.
1070 4089 1217 4148 tis-lot.
1244 4095 1268 4152 ir)
1280 4081 1338 4144 Chri

342 4185 476 4237 segonum
509 4168 545 4218 ad
575 4166 649 4218 hona
678 4165 708 4216 S.
737 4166 835 4230 Roscii
867 4169 1015 4230 accessisse
1042 4161 1164 4238 impulsu
1189 4161 1344 4234 nescietur.

342 4255 460 4310 quorum
486 4237 559 4290 alter
585 4236 689 4306 Capito
716 4238 806 4291 trihus
831 4239 955 4308 praediis
982 4239 1160 4292 nobilissimis
1188 4239 1294 4290 donatus
1309 4225 1344 4300 δή]

240 4329 243 4334 ·
340 4312 417 4362 alter
434 4307 553 4378 Magnus
570 4309 679 4378 reliqua
698 4309 788 4358 omnia
806 4326 866 4366 erun
886 4307 1069 4380 Chrysogono
1089 4309 1263 4364 communiter
1280 4306 1343 4370 p⁰⁸⁸¹'

274 4424 304 4465 .·
343 4381 419 4435 dest.
439 4407 470 4422 -
490 4379 514 4448 5.
534 4376 602 4432 108.
638 4381 664 4444 c)
682 4377 813 4432 Roscium
831 4379 997 4450 Capitonem
1015 4383 1157 4438 indecem
1178 4373 1270 4454 primis
1289 4367 1342 4431 lest·
