2766 5018
247 395 333 474 &2
538 417 542 426 ·
633 389 965 447 osonio

248 555 382 644 eme¹)
421 560 607 620 infelicem!
645 579 800 620 revocure
830 565 869 621 tn
894 581 945 620 mc
981 559 1017 619 in
1049 561 1211 640 patriam,
1241 557 1318 632 stila,

248 645 386 728 potuisti
403 666 462 725 per
477 643 537 703 hos
548 661 572 701 ε·
587 663 647 722 ego
662 650 696 702 te
714 642 748 700 in
764 644 872 722 putria
889 665 949 724 per
970 643 1101 704 eosdem
1120 644 1259 703 retinere
1274 665 1320 701 non
1365 660 1368 687 1

187 751 191 760 ·
246 729 388 810 potero?
424 727 504 811 quid
535 726 742 808 respondebo
764 723 878 786 liberis
907 726 1008 800 meis,
1042 728 1099 810 qui
1125 735 1163 786 te
1186 734 1320 806 parenten
1367 714 1368 725 ¹

248 812 386 876 alterum
411 810 554 892 putanti
595 808 674 892 quid
700 809 781 882 tibi,
822 810 863 886 Q.
889 811 1012 883 irater,
1051 810 1108 893 qui
1142 810 1320 880 nonestus,

248 895 395 956 consorti
419 915 541 955 mecum
562 901 742 974 temporum
769 892 923 954 illorum?
962 895 1092 975 mene²)
1112 915 1182 954 non
1206 892 1320 972 potuisse

251 977 389 1040 Milonis
416 977 553 1038 salutem
580 977 667 1036 tueri
691 978 918 1058 pes-eosdem,
947 999 1008 1058 per
1029 999 1110 1060 quos
1132 974 1316 1036 nostramills

249 1061 442 1122 servasset?
485 1061 530 1121 At
546 1059 581 1119 in
600 1081 663 1144 qua
682 1080 779 1120 causa
797 1081 862 1119 non
879 1061 1057 1141 potuisse?
1089 1083 1176 1144 quac
1195 1067 1243 1119 est
1259 1067 1318 1136 prata

251 1145 412 1225 gentihus.
442 1144 601 1228 aquibus
627 1165 693 1203 non
719 1144 896 1223 potuisse?
928 1144 968 1204 ab
988 1145 1050 1217 iis,
1082 1145 1141 1227 qui
1163 1141 1286 1203 maxime
1300 1140 1319 1198 P.

182 1222 363 1290 t0³Gtodii
385 1235 487 1288 morte
513 1227 714 1310 nequierunt.
737 1247 801 1308 quo
822 1227 1046 1308 deprecante?
1076 1249 1141 1291 me.
1185 1225 1322 1302 Quodnam

251 1333 310 1393 ego
325 1311 465 1394 ‚eoncepi
482 1318 608 1372 tantum
627 1309 756 1382 scelus,
786 1317 841 1368 aut
860 1311 947 1393 quod
968 1311 1003 1370 in
1020 1332 1071 1371 me
1083 1318 1214 1370 tuntum
1228 1309 1322 1368 facinus

176 1391 201 1472 ⁶,
248 1393 385 1467 admisi,
407 1393 553 1465 iudices,
575 1413 647 1452 cum
663 1391 721 1451 itta
736 1392 859 1470 indicia
881 1394 1058 1453 communis
1077 1394 1175 1453 exitii
1193 1389 1322 1471 indagavi,

245 1477 414 1562 patefeci,
435 1475 585 1556 pretuli,
616 1475 787 1534 exstinxi?
809 1497 920 1537 omncs
940 1478 975 1536 in
993 1499 1043 1537 me
1062 1473 1223 1558 meosque
1237 1475 1323 1536 redon·

247 1563 328 1623 dunt
359 1581 400 1622 ex
435 1559 526 1620 fonte
565 1555 625 1618 illo
661 1557 804 1621 dolores.
869 1559 977 1636 Quid*
997 1582 1047 1620 rne
1087 1561 1245 1621 reducem
1272 1573 1320 1616 esst

302 1757 739 1827 mmmnmm.

149 1871 152 1878 '
249 1872 600 1898 ’.Ψ-

247 1943 373 2001 ἀνελεῖν.
409 1943 444 1994 In
468 1941 561 1996 serbis
586 1941 714 1993 subnexis
733 1941 844 1994 restitui
870 1942 948 1994 Onne
965 1945 1105 2004 miserare,
1124 1961 1141 1996 o
1159 1963 1200 1996 me
1222 1941 1322 2010 infelix

211 2027 214 2036 ’
247 2016 309 2067 Erf.
328 2022 446 2084 quatuor
465 2011 553 2082 Lagg.
570 2013 634 2063 Pur.
650 2011 681 2067 8.
697 2014 760 2064 edd.
777 2015 857 2064 Rom.
875 2013 964 2066 Venn.
984 2015 1072 2066 1480.
1091 2015 1118 2066 5.
1137 2014 1190 2066 99.
1211 2033 1242 2066 ex
1256 2012 1324 2080 Quiti

247 2082 292 2140 Vl
310 2087 345 2146 l,
365 2085 415 2136 24.
432 2092 460 2136 et
476 2085 521 2136 xl
538 2085 574 2142 5,
596 2083 672 2134 1⁷22
709 2083 816 2153 Duplex
832 2091 872 2134 est
890 2087 1037 2144 miseratio,
1055 2084 1148 2136 ultera
1166 2104 1223 2136 cum
1240 2081 1322 2135 invitis

247 2158 337 2209 altera
353 2174 410 2206 cum
425 2156 611 2223 deprecatione
627 2153 776 2206 demissior.
816 2154 923 2217 Quare,
951 2157 1057 2206 etiamsi
1075 2164 1116 2206 est
1131 2158 1163 2208 in
1178 2157 1235 2207 illis
1250 2165 1321 2220 quoqu

247 2236 342 2280 cantus
359 2228 514 2288 obscurior,
544 2225 573 2274 V
578 2243 612 2275 os
630 2224 771 2275 Albani
790 2227 936 2288 tumwli;
962 2229 1150 2293 nequeenim,
1176 2223 1323 2294 qunsiinclr

247 2305 332 2350 maret
351 2302 577 2354 autumaretur,
605 2295 916 2356 incaementatum,
944 2298 1049 2368 infinito
1067 2299 1155 2368 mnpis
1172 2299 1224 2348 itta
1236 2295 1323 2366 flesset

247 2368 427 2420 circumducta
443 2373 515 2426 sunt,
534 2365 785 2427 Meminru'rn,
804 2385 848 2426 me
866 2368 1067 2437 infelicem.
1086 2377 1129 2427 et,
1153 2368 1247 2430 Quid
1262 2379 1324 2429 resp

240 2440 381 2504 liberis
398 2439 499 2488 meis?
519 2444 559 2496 et,
580 2437 761 2488 deuocare
780 2445 816 2487 tu
833 2455 879 2488 me
900 2469 929 2478 -
947 2443 1100 2509 potero?
1138 2439 1221 2490 Purr.
1237 2429 1324 2489 lii.

193 2507 196 2514 ’
247 2508 278 2562 d.
297 2507 325 2563 li.
341 2508 369 2565 6,
388 2509 461 2559 Pith.
480 2507 552 2559 02¹.
570 2507 640 2558 Gur.
656 2523 706 2559 sex
723 2507 810 2576 Lagg.
831 2507 857 2558 0
873 2527 911 2559 me
930 2529 969 2560 me
985 2513 1123 2570 miserum,
1152 2528 1169 2560 o
1187 2507 1258 2580 iasii.
1289 2502 1324 2554 Gt·

248 2581 305 2634 teri
324 2599 384 2632 cum
400 2587 517 2648 utroque
534 2580 601 2630 Bur.
623 2578 649 2629 0
666 2598 704 2628 mc
722 2581 859 2638 miserum,
877 2598 891 2630 o
909 2579 1051 2648 infelicem.

284 2652 468 2720 'aequaturus
506 2651 621 2702 Abram.
639 2651 776 2718 explicat:
808 2649 906 2700 Securi
916 2650 986 2719 facti
1002 2659 1080 2711 sunt,
1100 2668 1223 2723 mappam
1237 2647 1323 2698 antean·

249 2723 346 2774 tionem
368 2728 531 2790 acceperunt.
569 2722 604 2770 ad
625 2723 687 2775 Ast.
703 2722 764 2770 vll
784 2721 819 2771 Η
840 2728 927 2773 extu:
961 2723 1111 2790 Aequiesco
1136 2707 1324 2772 aasumensi

249 2801 293 2852 te,
312 2801 337 2843 et
353 2793 440 2863 lepens
462 2801 517 2841 tua.
553 2792 630 2841 xlx*
644 2793 682 2842 15
696 2798 785 2847 extus
801 2818 803 2821 ·
816 2789 916 2843 Crebro
933 2801 1040 2864 reposto
1057 2801 1118 2844 trans
1132 2793 1244 2849 literas,
1262 2790 1285 2837 iu
1295 2783 1324 2832 iit

249 2866 397 2932 acquiesco.
434 2863 478 2912 Ex
492 2861 580 2914 Arch.
598 2864 667 2914 Bur.
682 2863 744 2913 Est.
760 2863 832 2914 uita.
851 2863 955 2917 Werd.
971 2866 1053 2919 Pars.
1072 2866 1099 2916 l.
1116 2863 1146 2916 4.
1163 2863 1190 2916 6.
1208 2861 1235 2914 9.
1252 2871 1323 2922 recep·

248 2943 527 2989 tntuestmenenon.
563 2934 902 3001 r.virg.Aen.,110,t.
1031 2949 1034 2956 ’

302 3024 349 3077 epo
368 3005 482 3071 concepi.
520 3004 625 3055 Similis
649 3011 691 3055 est
715 3005 792 3055 locus
815 3021 843 3071 p.
863 3000 940 3056 Sext.
957 3003 1012 3064 69,
1035 3003 1107 3056 145:
1155 3002 1234 3068 Quod
1246 3002 1323 3048 tanim

187 3070 190 3082 '
249 3081 290 3126 e'st
305 3079 333 3126 in
350 3095 388 3127 mc
402 3076 511 3126 scelus?
535 3075 604 3143 ¹quid
622 3083 759 3144 tantopere
777 3074 879 3140 deliqui
897 3076 962 3133 illo,
991 3076 1040 3126 illo
1057 3076 1117 3134 die,
1144 3094 1222 3143 quum
1241 3068 1272 3120 ad
1289 3077 1322 3114 1¹⁰⁵

240 3146 367 3217 judicia,
397 3148 510 3204 literas,
538 3145 716 3213 coasfeessioues
737 3148 878 3195 contmunis
901 3147 980 3196 exitii
1003 3146 1110 3196 detuli?
1146 3165 1172 3199 v.
1192 3150 1243 3196 not.
1260 3129 1323 3189 adli

251 3215 395 3284 Cat.§7.
430 3217 554 3267 Acodd.
571 3218 658 3268 deter.
673 3224 754 3268 notae
774 3218 852 3269 abest
867 3223 903 3273 τὸ
919 3233 975 3288 epo.
1015 3235 1042 3286 p.
1059 3217 1191 3268 Sullae.
1218 3208 1321 3278 Conjurt·

248 3289 287 3337 tio
313 3288 388 3354 sucta
414 3294 595 3346 contra-uos,
622 3289 714 3339 delata
740 3287 776 3338 ad
797 3305 861 3346 uos,
890 3305 908 3337 a
928 3289 1004 3338 vobis
1024 3289 1137 3356 prolata
1160 3305 1215 3338 esse
1237 3280 1321 3332 dicitur.

251 3365 279 3409 ct
299 3355 335 3409 tt:
374 3356 428 3420 Qui
452 3359 543 3408 consul
564 3359 679 3410 insidias
701 3360 766 3428 reip.
790 3360 902 3410 consilio
926 3359 1131 3430 inuestipassetJ
1158 3358 1322 3416 ueritatem·

154 3485 157 3491 ¹
218 3483 219 3490 χ
248 3429 364 3494 ruisset,
383 3429 564 3500 urtapuitudine
582 3431 665 3480 artirai
683 3429 853 3480 vindicasset.
1133 3472 1135 3482 ,
1156 3465 1160 3470 -

301 3501 329 3550 iu
351 3517 390 3549 me
415 3529 446 3540 -
471 3500 581 3558 admisi,
615 3502 757 3568 eleganter
782 3501 884 3552 dicitur
908 3516 961 3568 pro
985 3501 1109 3550 commisi.
1145 3518 1173 3567 p.
1200 3495 1256 3546 clu.
1280 3483 1319 3536 6⁰²

251 3569 326 3633 Quid
348 3588 469 3637 umquam
485 3569 585 3621 Auitus
607 3573 681 3622 inse
701 3571 830 3622 admisit?
868 3570 934 3622 Ter.
949 3571 1074 3640 Adelph,
1089 3570 1134 3619 lv
1151 3569 1189 3628 ὃ,
1207 3564 1258 3617 dd:
1287 3553 1319 3605 lii

248 3640 308 3762 laon¹
324 3639 449 3692 delictum
473 3641 612 3692 admisisse
638 3643 666 3693 in
689 3660 744 3701 mc,
772 3641 801 3692 id
821 3641 886 3692 milei
909 3642 1075 3692 veliementer
1099 3638 1182 3691 dolet.
1216 3639 1318 3696 r.su1t¹¹

248 3730 288 3764 c.-
314 3712 341 3761 5.
595 3731 598 3736 ·

299 3781 459 3832 redundant.
496 3782 601 3834 Eadem
617 3783 778 3851 metaphora
793 3801 821 3853 p.
839 3782 920 3834 Sulla
936 3782 970 3835 9:
998 3781 1059 3831 llos
1071 3799 1177 3850 possum
1192 3777 1277 3828 dicere,
1290 3777 1314 3813 Μ

246 3853 316 3902 sutis
334 3851 456 3920 adeptum
472 3850 546 3919 fiere,
565 3855 590 3905 si
607 3873 639 3903 ex
656 3855 704 3903 lroe
722 3862 796 3904 tanto
814 3855 843 3903 in
860 3872 945 3904 ornnes
964 3853 1089 3902 mortales
1103 3851 1224 3922 beneficio
1240 3839 1315 3894 „atto

246 3923 276 3972 in
289 3941 327 3972 sne
341 3923 486 3990 periculum
503 3924 670 3975 redundarit.
691 3942 715 3975 v.
734 3924 750 3974 1
769 3925 832 3976 Cat.
848 3926 871 3992 ξ.
889 3924 938 3976 29.
949 3949 979 3964 ι-
990 3925 1056 3974 nav.
1075 3923 1137 3972 Eri.
1156 3922 1215 3971 Par.
1230 3914 1252 3964 6·
1270 3903 1314 3958 tii·

190 4009 192 4017 ’
248 3993 279 4042 L,
299 3992 383 4044 Grut.·
403 4012 477 4061 seqq.
498 4013 531 4045 ex
547 3995 620 4064 fonte
638 3996 701 4047 illo.¹
736 3995 850 4048 Ccteris
878 4013 912 4044 ex
932 3993 981 4046 illo
996 3993 1078 4061 sirete.
1114 3993 1179 4043 Mox
1195 3981 1313 4039 Eri-13³¹·

248 4065 409 4114 acerbiorem
434 4065 498 4114 arilei
511 4068 580 4133 pati.
607 4068 687 4135 proh.
704 4067 773 4118 Gar.
790 4077 871 4134 quum
887 4067 970 4134 louge
989 4065 1087 4130 durior
1102 4060 1238 4131 Synchisis
1250 4045 1313 4103 sitit

250 4135 301 4186 Or.
321 4134 353 4184 ll
373 4134 429 4184 lii
466 4135 542 4197 Quae
565 4139 616 4208 ipsi
638 4135 691 4188 sibi
716 4137 831 4188 leomines
850 4153 951 4206 parare
966 4141 1089 4205 possent,
1121 4134 1150 4184 iu
1173 4135 1204 4184 iis
1220 4125 1313 4178 relati*

144 4247 145 4254 ,
244 4205 464 4275 pativinci'non
477 4225 562 4274 posse.
586 4236 614 4246 -
652 4209 686 4258 In
704 4210 801 4259 iisdcm
819 4209 899 4260 codd.
921 4215 1002 4274 atque
1021 4208 1047 4256 in
1066 4206 1166 4255 Fabrr.
1188 4195 1312 4254 ,statura

248 4277 315 4334 aar,
334 4277 409 4344 quod
424 4281 532 4346 recepit
547 4278 692 4330 Graevius.
731 4280 833 4330 Omnes
846 4278 1031 4346 tamenPnrr.
1046 4295 1107 4346 eum
1124 4282 1186 4328 cett.
1204 4265 1312 4343 suisti?

249 4347 313 4397 lect.
334 4349 461 4400 retinent.
483 4379 514 4390 -
550 4350 585 4400 In
608 4351 720 4402 eundem
744 4352 906 4402 senteutiam
923 4369 950 4418 p.
969 4351 1046 4400 Sext.
1063 4345 1120 4398 ὅθι
1157 4327 1309 4396 Multomdt·

248 4418 346 4476 inulto,
365 4420 472 4486 inquam
483 4456 491 4479 ‚
501 4419 626 4490 judices,
644 4427 782 4491 praestat,
807 4423 836 4474 iu
853 4419 960 4472 candem
974 4421 1052 4474 illam
1066 4417 1184 4470 recidere
1197 4411 1309 4485 [ΝΜ
