2834 5020
290 377 1042 570 cnosson,

40 593 1116 726 n.sonn11crounon1s

398 845 405 870 ¹
444 938 445 948 ἵ
512 867 613 908 eno
683 893 705 946 ⁴

129 1025 265 1088 auno
302 1000 522 1114 ιιιιιίιιό
561 1026 776 1122 anuum
813 1025 1001 1090 roura.

464 1215 669 1234 sm

349 1307 748 1426 ‚snouuanndm

8 1503 10 1512 ’
39 1492 112 1544 Aulus
128 1492 246 1548 Licinius
263 1495 400 1556 Archias,
426 1498 592 1561 Antiochiae
607 1501 636 1550 in
652 1500 736 1568 Syria
750 1505 848 1558 natus,
875 1494 939 1548 loco
954 1495 1059 1556 nobili,
1087 1511 1118 1548 ss

94 1565 186 1616 studiis
224 1569 322 1619 seticis
339 1569 464 1630 dedidit,
494 1576 522 1620 et
538 1572 679 1639 adprime,
704 1578 736 1622 ut
753 1571 919 1627 videbatur,
939 1567 1071 1632 excelluit
1088 1567 1118 1616 in

94 1633 141 1686 boc
158 1585 261 1704 periere
281 1639 434 1690 literarum.
471 1641 571 1708 Itaque
591 1661 606 1691 a
625 1642 800 1701 Tarentinis,
826 1639 976 1708 Rhegium,
996 1638 1117 1690 Locren-

94 1705 164 1757 sibus
180 1714 212 1759 'et
229 1707 422 1778 Neapolitanis
443 1712 554 1764 civitate
572 1713 729 1780 ceterisque
747 1713 877 1782 praemiis
898 1712 1032 1768 donatus,
1061 1709 1117 1760 Ro·

93 1793 158 1828 mam
183 1781 259 1832 venit
288 1780 438 1834 (1.,Μιιιὶο
453 1789 593 1851 quartum
620 1782 732 1834 consule
758 1790 786 1834 et
812 1782 848 1848 Q.
871 1781 983 1832 Lutatio
1004 1779 1117 1830 Catulo.

94 1864 117 1897 a.
133 1865 159 1898 ιι.
179 1867 202 1901 c.
221 1849 292 1902 ooo.
339 1847 536 1905 Praetextatus
562 1854 643 1904 etiam
666 1860 740 1910 tum,
777 1871 792 1903 a
817 1853 943 1902 Lucullis
969 1852 1061 1902 statim
1088 1851 1118 1900 in

94 1918 197 1970 domum
223 1937 299 1977 suam
326 1930 456 1992 receptus
483 1930 542 1984 est,
575 1931 604 1977 et
630 1925 724 1976 multis
752 1922 909 1974 illustribus
938 1923 1005 1972 viris
1037 1937 1119 1972 carus

94 1995 172 2057 atque
187 1993 327 2062 jucundus
346 1994 407 2045 tuit.
435 2024 466 2034 —
502 1995 620 2046 Interim
646 1996 712 2046 satis
733 1994 817 2062 longo
837 1993 985 2043 intervallo
1006 2009 1066 2042 cum
1085 1991 1117 2041 Ι».

92 2057 206 2112 Lucullo
224 2063 253 2113 in
274 2065 400 2116 Siciliam
417 2067 571 2134 profectus,
594 2083 675 2134 quum
695 2083 727 2116 cx
746 2083 778 2116 ea
795 2063 939 2132 provincia
958 2063 1118 2122 decederet,
1194 2093 1200 2106 ·
1266 2109 1268 2121 ,

93 2132 164 2183 venit
181 2130 367 2196 Heracleam,
396 2155 464 2204 quae
484 2143 548 2189 tunc
568 2144 629 2188 erat
648 2137 745 2188 civitas
764 2136 926 2192 foederata,
952 2140 980 2185 et
996 2133 1119 2199 adscrip·
1266 2128 1268 2140 '

91 2207 133 2251 tus
153 2209 194 2254 est
211 2206 241 2256 in
259 2223 401 2274 numerum
420 2207 528 2268 cisium,
548 2209 639 2275 gratia
657 2207 827 2276 potissimum
846 2204 968 2256 Luculli.
987 2233 1020 2244 -ι
1046 2202 1122 2254 Data

95 2279 133 2323 est
157 2275 254 2328 civitas
273 2277 365 2328 Silani
390 2278 453 2346 lege
483 2287 511 2331 et
529 2278 686 2338 Carbonis,
714 2297 738 2328 a.
757 2297 783 2330 u.
801 2295 826 2344 o.
845 2273 907 2326 664
925 2271 1069 2335 701665,
1096 2275 1121 2325 δί

77 2343 138 2409 ¹qui
162 2345 316 2398 foederatis
341 2350 653 2419 civitatibusgadscripti
670 2351 802 2400 fuissent:
831 2348 855 2398 si
873 2353 947 2406 tum,
976 2361 1057 2414 quum
1075 2345 1122 2396 lex

95 2414 247 2480 terebatur,
268 2419 435 2472 domicilium
447 2423 475 2474 in
489 2419 575 2475 Italia
588 2419 761 2472 habuissent:
782 2421 848 2470 etsi
866 2418 1008 2485 sexaginta
1024 2415 1122 2468 diebus
1150 2443 1152 2452 ν
1205 2408 1210 2428 ’

95 2487 164 2552 tpud
180 2496 341 2556 prsctorcm
360 2499 451 2543 essent
468 2493 596 2560 professi.
617 2522 649 2532 --
685 2494 785 2560 Itaque
805 2489 943 2549 Archias,
973 2505 1054 2557 quum
1074 2488 1143 2538 do·

92 2555 220 2610 miciliusu
240 2561 345 2612 llomae
363 2563 464 2613 multos
480 2564 537 2632 jam
556 2581 640 2614 annos
659 2561 793 2622 baberet,
821 2561 964 2629 professus
986 2564 1029 2610 est
1048 2556 1123 2626 apud
1145 2564 1146 2574 ¹

90 2635 245 2692 praetorem
273 2629 309 2700 Q.
333 2633 488 2684 Metellum.
523 2635 566 2685 At
592 2651 673 2702 qrrum
700 2635 725 2684 ei
744 2634 780 2684 ad
798 2633 976 2683 obtinendum
990 2631 1036 2700 jus
1056 2629 1122 2680 civi·

92 2698 153 2748 tatis
172 2703 307 2768 quaedam
326 2710 488 2770 argumenta
507 2705 653 2765 deessent,
689 2705 816 2772 quoniam
833 2719 922 2771 neque
940 2701 1046 2753 tabulis
1065 2697 1122 2751 lle·

91 2769 266 2824 :aeliensium
284 2774 407 2842 probare
425 2781 555 2844 poterat,
575 2776 743 2844 adscriptum
762 2793 791 2825 se
810 2775 838 2824 in
852 2775 982 2829 ,ordinem
1002 2771 1122 2833 cisium3

93 2839 191 2911 quippe
216 2844 386 2896 tabularium
414 2847 544 2920 civitatis¹
560 2847 636 2898 illius
662 2852 805 2898 exarserat
823 2846 900 2896 bello
919 2843 1037 2904 sociali;
1071 2858 1123 2892 nec

91 2907 160 2962 bona
170 2915 256 2964 suain
266 2931 376 2966 censum
395 2916 553 2978 detulerat3
573 2937 637 2969 reus
652 2917 742 2974 faetus
758 2923 800 2967 est
815 2935 831 2966 a
846 2915 976 2967 Graccho
995 2913 1123 2982 quodam,

92 2979 153 3048 lege
171 2983 278 3053 Papia,
299 3003 369 3053 quae
387 2985 445 3038 lata
463 2989 556 3040 iuerat
575 2990 610 3040 ad
630 3007 676 3040 eos
696 2987 885 3046 coercendos,
905 2985 952 3054 qui
970 2993 1075 3036 temere
1096 2988 1125 3033 et

93 3049 190 3173 {llicge
210 3056 352 3109 civitatens
370 3055 521 3110 Romanam
538 3057 734 3129 usurpassent,
761 3058 943 3126 defensusque
958 3045 979 3105 'a
996 3055 1036 3104 Μ.
1056 3053 1124 3104 Tul-

105 3138 139 3170 10‘
176 3125 299 3176 iceronc.
355 3126 358 3133 '

37 3176 153 3244 debitam
179 3213 239 3248 esse
265 3195 335 3249 banc
354 3199 507 3252 orationem
524 3207 590 3268 post
608 3199 780 3250 consulatum
799 3195 965 3254 Ciceronis,
993 3199 1072 3262 patet
1092 3211 1124 3244 ex
1187 3186 1188 3190 ¹

94 3264 184 3316 serbis
204 3284 265 3336 cap.
287 3267 342 3318 llo
381 3269 517 3332 Quaeres
536 3287 583 3320 nos
602 3270 631 3320 io
649 3269 790 3318 consulatu
809 3274 899 3317 ssostro
924 3291 955 3304 -
979 3267 1124 3336 pessimus,

93 3336 184 3405 sulpit
208 3337 253 3390 bic
281 3339 403 3389 versibus
428 3347 507 3406 atque
534 3339 681 3390 inchoavit.
716 3336 870 3388 Praeterea
896 3335 981 3394 rerba
1010 3353 1070 3404 cap.
1091 3333 1124 3384 b:

94 3401 145 3454 Est
169 3408 237 3458 essina
265 3410 419 3466 obscurum,
444 3412 576 3478 proximis
601 3410 770 3467 censoribus,
797 3409 866 3461 hunc
893 3424 951 3457 cum
974 3407 1145 3464 clarissimo¹

94 3473 267 3544 imperatore,
287 3479 321 3530 11.
341 3480 456 3530 Lucullo
475 3480 547 3548 opud
564 3482 710 3530 exercitum
727 3479 832 3547 fisissc3
852 3479 972 3536 docent,
991 3495 1049 3528 cam
1068 3477 1125 3527 dic·

93 3549 147 3616 tam
166 3565 226 3602 esse
246 3558 309 3602 ants
330 3549 552 3610 consuminare,
579 3551 625 3617 qui
651 3555 723 3601 teste
746 3550 836 3601 Dione
860 3547 958 3600 Cassio
977 3545 1126 3597 XXXVII

94 3611 135 3664 lo
153 3636 176 3668 a.
196 3637 222 3671 u.
243 3639 267 3673 c.
287 3619 348 3673 695
367 3621 405 3672 Μ.
425 3619 526 3672 Pisone
553 3627 581 3671 et
599 3619 637 3670 Μ.
656 3620 777 3671 Messala
804 3637 872 3672 coss.
899 3619 1042 3670 institutus
1066 3624 1125 3674 est,
1156 3635 1157 3638 ¹

96 3685 139 3737 sel
155 3692 249 3756 potius
269 3709 339 3744 anno
358 3698 490 3760 sequente
510 3691 546 3758 Q.
565 3691 700 3750 Metello,
719 3691 752 3740 L.
771 3691 891 3741 Afranio
911 3705 981 3741 coss.
1003 3689 1033 3738 id
1051 3689 1127 3756 quod

96 3771 127 3806 ex
146 3758 207 3812 Cic.
229 3779 271 3832 ep.
292 3765 327 3814 sd
341 3764 403 3814 att.
418 3763 434 3811 Ι
452 3758 490 3812 lo
505 3762 691 3830 perspicitur:
711 3762 753 3811 Ne
766 3763 860 3812 absens
874 3778 1007 3819 censeare,
1026 3760 1125 3810 curabo

97 3826 263 3892 edicendum,
296 3841 323 3886 et
345 3832 543 3904 proponendum
570 3833 636 3882 locis
664 3833 799 3883 omnibus:
834 3834 882 3882 sub
909 3832 1022 3880 lustrum
1039 3835 1127 3880 autem

97 3903 212 3960 censeri,
239 3905 360 3974 perassari
386 3904 561 3972 nepotiotoris
585 3910 633 3954 cst.
672 3902 764 3964 Quare
791 3921 873 3960 eura,
900 3909 931 3950 nt
949 3909 975 3950 ts
993 3903 1127 3970 quampri-

97 3983 163 4020 ausrs
186 3971 332 4027 videamus.
370 3972 435 4024 Ital.
462 3973 542 4026 Febr.
572 3973 605 4036 Q.
626 3973 738 4024 Metello
763 3979 789 4024 st
807 3973 840 4024 L.
860 3969 980 4039 Ass-orsio
1006 3987 1072 4022 coss.
1093 3998 1113 4011 ·-

99 4037 176 4092 Nunc
195 4061 273 4106 vero,
292 4063 374 4113 quum
392 4051 471 4097 vetus
484 4036 692 4096 Commentator
708 4032 879 4118 palimpsesti
894 4043 1073 4093 Ambrosiani
1092 4043 1127 4092 ad

101 4112 206 4179 cap-¹2,
226 4118 358 4175 adnotet,
377 4115 448 4168 bunc
467 4133 574 4168 causam
594 4117 668 4185 apud
686 4115 820 4183 Quintum
839 4113 1006 4166 Ciceronem
1026 4114 1128 4164 dictam

101 4197 175 4243 esse,
196 4185 241 4236 cni
259 4187 354 4238 Asiam
373 4187 523 4256 obtigisse,
556 4187 668 4238 Marcus
686 4188 714 4236 in
734 4203 777 4256 ep.
798 4183 838 4235 lo
857 4185 876 4236 l.
895 4185 912 4235 1
931 4185 966 4235 ad
983 4179 1126 4240 Atticum,

99 4249 196 4306 Idibus
212 4256 339 4318 Martiis,
358 4257 397 4308 Μ.
411 4257 523 4316 Pisone,
541 4257 580 4308 Μ.
595 4257 717 4310 Messala
732 4273 802 4308 coss.
818 4257 893 4316 dstn,
912 4255 1024 4307 scribite
1043 4251 1126 4310 facile

100 4322 284 4394 intelligitur,
311 4329 452 4380 detonsum
479 4345 538 4378 csse
562 4329 603 4388 Aa,
620 4327 679 4380 Lic.
698 4325 833 4378 Archisns
852 4326 889 4378 1).
906 4326 991 4378 «lunio
1009 4324 1127 4379 silano,

101 4389 132 4444 la.
151 4393 261 4450 Licinio
279 4399 398 4454 Murena
415 4414 485 4451 coss.
504 4415 530 4448 a.
548 4415 575 4449 ιι.
595 4413 618 4448 c.
637 4395 708 4450 Μ.
