2802 5028
342 383 443 435 cuo·
460 382 586 434 LEGE
613 382 835 436 naalma,
1054 385 1137 461 {19

39 568 173 632 quorum
203 571 265 629 ego
291 549 519 611 auctoritatem
544 549 629 631 apud
651 571 711 610 vos
732 549 844 611 multis
861 545 945 612 locis
964 552 1135 634 plurimum

38 634 205 707 valuisse,
236 641 269 693 et
284 632 394 693 valere
418 641 569 714 oportere
587 635 764 706 confiteor3
795 634 862 692 sed'
882 634 916 694 in
935 635 997 696 hac
1018 657 1143 709 causa‚·

36 716 169 777 tametsi
190 716 387 797 cognoscitis
404 718 617 776 auctoritates
637 717 815 777 contrarias
835 717 975 778 virorum
994 719 1136 785 fortissi-

36 821 160 860 morum
191 811 223 860 et
243 799 529 872 clarissimorum,¹
550 808 678 870 tamen,
711 800 839 861 'omissis
868 801 1136 876 auetoritatibus,
1213 861 1215 873 ,
1254 811 1256 818 ’

36 885 107 963 ipsa
128 903 165 942 re
182 891 215 943 et
229 882 355 942 ratione
374 883 543 964 exquirere
560 903 731 963 possumus
749 884 934 944 veritatem:
959 894 1055 968 atquc
1072 886 1137 946 hoc

36 966 190 1037 facilius,
222 965 309 1050 quod
333 987 371 1026 ea
399 967 521 1038 omnia,
561 988 642 1110 guae
674 966 779 1053 arlhuc
811 989 828 1025 a
856 989 905 1028 me
930 968 1018 1028 dicta
1042 976 1142 1050 sunt2

35 1051 137 1110 iidem
167 1048 224 1108 isti
250 1064 325 1109 vera
358 1071 431 1110 csse
462 1067 561 1110 conce
589 1058 671 1121 unt,
707 1057 739 1108 et
768 1051 986 1111 necessarium
1015 1051 1139 1111 bellum

37 1155 131 1204 csse,
169 1141 202 1192 ct
228 1152 395 1212 magnum,
434 1141 467 1193 et
496 1133 531 1194 in
558 1153 622 1191 uno
646 1134 706 1192 Gn.
730 1132 885 1212 Pompeio
915 1155 1036 1220 spmma
1065 1155 1138 1194 esse

37 1217 156 1276 omnia.
201 1216 289 1291 Quid
317 1216 743 1296 igitur⁴ait¹llortcnsiusl
793 1217 829 1276 Si
860 1217 916 1276 uui
948 1215 1053 1278 omnia
1081 1215 1189 1285 tri-,252

35 1300 169 1360 hueuda
193 1298 321 1381 sint²)‚
349 1307 451 1374 ¹unuin
478 1297 701 1380 dignissimum
731 1295 806 1360 ¹esse
829 1300 1039 1382 Pompeium:
1080 1301 1140 1360 sed

37 1385 75 1442 :nl
108 1405 210 1442 unum
237 1392 345 1443 tamen
376 1384 482 1443 omnia
510 1383 632 1442 deferri
660 1403 725 1442 non
757 1391 920 1463 oportere.
965 1383 1141 1444 Obs'olevit

36 1470 96 1527 iam
127 1467 194 1526 ista
223 1469 348 1540 oratio,
379 1489 415 1527 rc
442 1466 544 1528 multo
572 1466 695 1545 magis,
730 1489 823 1548 quam
853 1469 960 1528 uerbis
988 1469 1140 1531 refutata.
1174 1533 1177 1539 ¹

37 1552 115 1609 Nam
140 1557 182 1608 tu·
201 1549 308 1623 idem,
332 1551 373 1626 Q.
396 1551 577 1622 Hortensi,
599 1549 720 1620 multa,
737 1570 801 1630 pro
825 1558 880 1610 tua
904 1570 1024 1610 summa
1047 1551 1142 1630 copia

38 1656 71 1692 ac
96 1631 259 1712 singulari
280 1634 437 1693 facultate
462 1634 615 1706 dicendi,
646 1640 679 1692 et
705 1633 739 1690 ln
762 1641 878 1692 senatu
902 1635 1142 1694 contravirum

37 1718 156 1774 fortem
178 1716 218 1774 A.
241 1716 437 1790 Gabinium,
471 1717 616 1795 graviter
644 1725 821 1796 ornateque
852 1717 984 1789 dixisti,
1020 1737 1090 1776 eum
1113 1717 1141 1776 is

40 1801 77 1857 de
112 1819 178 1857 runo
209 1799 402 1879 imperatore
432 1808 545 1859 contra
574 1799 757 1879 praedones
782 1800 1014 1859 constituendo
1037 1797 1142 1880 legerit

42 1881 297 1962 promulgasset:
334 1890 367 1942 et
397 1905 437 1942 ex
460 1883 521 1944 hoc
544 1883 616 1963 ipso
639 1881 712 1942 loco
736 1881 895 1961 permulta
918 1883 1005 1942 idem
1028 1891 1142 1943 eontra

45 1988 111 2024 eam
131 1965 237 2045 legem
255 1962 284 2046 ²)
306 1967 405 2026 verba
427 1967 548 2026 fecisti.
592 1965 707 2040 Quid?
729 1974 808 2036 tum,
830 1986 890 2045 per
912 1966 992 2025 deos
1014 1959 1193 2040 im'mor·g5

44 2049 148 2108 tales!
186 2049 214 2108 si
247 2048 321 2130 plus
354 2051 440 2130 apud
468 2047 623 2130 populum
645 2047 823 2108 Romanum
854 2049 1032 2109 auctoritas
1063 2059 1141 2121 tua,

42 2155 136 2213 quam
158 2131 259 2211 ipsius
281 2132 397 2212 populi
417 2133 555 2194 Romani
577 2130 665 2192 salus
697 2139 732 2190 et
752 2143 948 2203 veraeausa
969 2131 1148 2204 valuisset-,·

36 2214 138 2274 hodie
161 2215 244 2275 lrane
266 2215 408 2294 gloriam·
423 2225 518 2298 atquc
541 2215 604 2275 hoe
628 2215 716 2273 orbis
731 2221 844 2274 ‘terrae
862 2215 1030 2295 imperium
1050 2223 1151 2275 tene:

34 2299 174 2358 remus?
217 2299 269 2357 An
297 2299 360 2358 tibi
380 2303 449 2361 turn
470 2298 639 2378 imperium
663 2318 735 2356 esse
758 2296 821 2356 hoc
844 2299 1034 2371 videbatur,
1069 2320 1143 2358 eum

31 2381 155 2464 populi
178 2381 315 2442 Romani
336 2378 457 2462 legati²
480 2389 669 2470 praetores,
692 2388 948 2464 quaestoresque
968 2365 1141 2462 capiebari-

31 2467 112 2550 tur?
139 2488 212 2542 cum
235 2487 275 2524 ex
297 2464 445 2525 omnihus
466 2463 646 2546 prouinciis
665 2473 868 2546 comeatu,
891 2467 1143 2546 ct.prirato,·et

1044 2571 1147 2588 ...m--¹

91 2603 123 2672 l)
144 2601 224 2664 sunt,
244 2623 333 2657 unum.
370 2604 400 2670 9)
418 2587 485 2654 item
505 2610 602 2656 contra
621 2603 710 2671 legem
730 2623 797 2670 eam.

90 2735 133 2796 Q:
149 2733 310 2782 Hortensius
333 2733 447 2800 insignis
472 2731 586 2793 orator,
616 2732 761 2784 Ciceronis
781 2722 890 2799 collegis
907 2732 935 2795 ip
959 2741 1094 2800 auguratu
1115 2739 1143 2786 ct

29 2803 186 2855 familiaris
213 2803 305 2872 [Fam.
328 2795 467 2870 1118.]‚
495 2804 590 2855 consul
614 2823 638 2856 a.
661 2802 721 2854 685
748 2804 854 2870 equ
880 2803 998 2880 Metello
1017 2803 1142 2856 Cretico.

85 2873 287 2932 arrctoritatcs,
320 2875 339 2924 i.
359 2894 382 2925 e.
407 2870 573 2932 sententias,
607 2893 676 2942 quac
702 2894 717 2925 a
740 2875 808 2926 viris
834 2875 965 2941 gravibus
997 2875 1151 2942 profectae,

29 2947 235 2997 auctoritatem
254 2951 282 2996 et
297 2943 378 2996 fidem
393 2943 504 2998 habeut.
544 2943 685 2996 Galae
704 2952 790 2996 exta:
828 2919 898 2994 ll'am
912 2944 1017 2995 destitit
1033 2954 1143 3010 cateruae

28 3015 163 3067 suestram
174 3017 201 3066 in
216 3033 247 3064 ca
264 3035 363 3073 causa,
382 3019 410 3066 ia.
429 3015 653 3074 arsetas-itaritns‚
672 3017 701 3064 ia
716 3017 858 3082 exemplis,
886 3017 914 3068 ia
930 3018 1144 3064 testamentorum

26 3087 164 3157 saranatis
188 3115 220 3124 —
243 3089 367 3138 uersari?
405 3087 522 3137 Hotom:
539 3095 681 3154 comparat
700 3088 732 3152 ‹lc
751 3087 867 3136 nael).
885 3087 901 3134 l
919 3085 955 3135 ii:
992 3086 1054 3139 Non
1077 3087 1145 3136 enim

29 3169 90 3209 tam
107 3157 284 3206 artctort'tatcs
299 3159 327 3207 ia
343 3153 513 3226 disputatas,
532 3175 613 3222 gisam
629 3159 743 3206 rationis
757 3149 890 3205 nroracuta'
904 3156 1055 3221 quaerenda
1072 3148 1147 3210 stunt.v

28 3238 60 3281 rt
79 3229 174 3278 intra:
212 3225 325 3280 Tautram
351 3229 439 3296 opinio
462 3227 651 3298 praejudicata
667 3235 789 3296 poterat,
816 3229 845 3276 rit
861 3227 944 3276 'elium
965 3229 1021 3276 siue
1039 3227 1144 3277 ra'tionc

28 3301 146 3350 ualeret
170 3299 534 3366 auctoritas-[Pytlmgorae
551 3294 649 3365 s‹·il.];
678 3295 712 3347 acl
729 3316 807 3364 quem
826 3287 878 3362 loci
898 3287 1046 3361 licindori
1062 3291 1149 3351 all'crt¹

27 3379 165 3423 nostrum
182 3375 211 3420 et
223 3365 273 3418 ΪΙΙ
289 3368 326 3418 lte
356 3367 395 3418 Ta
412 3371 586 3422 auctoritates
604 3370 763 3426 consternatis,
783 3370 887 3418 ratione
903 3367 1017 3438 pugnas.
1148 3430 1152 3436 .

89 3443 116 3510 ᾖ.
138 3439 187 3489 52.
225 3439 366 3489 tribuenda
380 3441 441 3488 sint.
477 3439 590 3490 Retinui
606 3439 675 3489 hanc
694 3440 768 3489 mell.
784 3438 865 3488 Parc.
882 3437 968 3502 llavv.
987 3439 1050 3489 Ere
1069 3436 1171 3506 05¹·-

30 3515 102 3565 cdd.
123 3511 204 3559 Rom.
220 3508 310 3560 Vena.
328 3511 491 3570 lectionem,
511 3527 562 3576 pro
585 3511 698 3577 vulgato
717 3518 787 3559 sunt.
807 3545 818 3552 .-

88 3591 122 3633 tu
139 3579 216 3630 idem.
254 3579 340 3630 Nulla
358 3600 445 3648 neque
464 3600 479 3630 a
495 3579 647 3630 Plutarcho
667 3581 694 3629 iu
712 3581 807 3648 Pomp.
827 3579 883 3640 25,
910 3596 999 3645 neque
1019 3597 1034 3627 a
1052 3577 1144 3628 Dione

30 3657 68 3706 C.
94 3649 233 3702 XXXVI
251 3651 271 3700 7
292 3659 319 3702 et
344 3652 389 3713 15.
427 3651 573 3701 Hortensii
596 3652 698 3701 mentio
720 3651 771 3710 tit.
795 3651 844 3699 scil
865 3650 901 3716 Q.
927 3647 1039 3719 Catuli,
1068 3655 1095 3698 ct
1112 3649 1146 3710 L.

29 3723 172 3778 Trebelli
198 3726 226 3772 et
248 3721 280 3772 L.
309 3721 405 3773 Roscii
424 3721 598 3772 tribunorum
626 3721 726 3789 plebis.
762 3719 951 3776 Paullo'inl'ra
969 3715 1048 3769 dccii:
1076 3714 1146 3768 illem

29 3803 138 3848 cantra
157 3811 215 3842 cans
231 3793 312 3862 legem
332 3812 364 3844 ex
378 3788 440 3842 Ere.
458 3793 531 3842 Hitt.
550 3792 752 3842 werdslmrr.
769 3792 856 3844 Baua.
877 3792 938 3841 edd.
958 3791 1037 3840 Rom.
1053 3791 1143 3860 Versu.

28 3890 47 3920 a
69 3865 176 3936 quibus
190 3870 279 3915 tamen
292 3881 443 3932 pronomen
460 3867 516 3912 cara
533 3863 620 3912 abest.
642 3863 734 3930 Vulgo
752 3864 860 3913 editurz
880 3863 941 3910 item
952 3880 973 3910 c.
985 3861 1143 3931 lcpcmeam.

89 3943 246 3987 commeatu.
284 3936 338 3984 Dio
358 3933 470 3984 Cassius
485 3931 667 3984 xxxmo:
705 3935 740 3986 Οἱ
762 3931 791 3988 δὲ
814 3931 850 3996 δὴ
869 3933 1012 4006 Ῥωμαῖοι
1033 3931 1145 3995 ἤκουον

28 4012 92 4082 μέν
109 4026 169 4062 που
186 4008 282 4077 αὐτὸ,
309 4006 361 4059 καί
378 4024 447 4059 τινα
466 4009 517 4058 καὶ
531 4005 641 4074 ἐώρων·
668 3999 758 4072 (οὔτε
772 4007 826 4074 γὰρ
842 3999 919 4056 ἄλλο
936 4023 965 4054 τι
983 4008 1041 4056 τῶν
1058 4007 1144 4076 graa-

27 4085 99 4134 rav
121 4077 229 4144 ἐφοίτα
253 4076 349 4147 σφίσι,
378 4080 430 4128 καὶ
454 4077 472 4138 ἡ
497 4075 694 4145 σιτοπομπεὶα
716 4074 865 4136 παντελῶς
890 4069 1078 4138 ἀπέκλειστο)
1105 4075 1143 4126 ού

29 4151 145 4222 μέντοι
167 4147 218 4198 καὶ
242 4145 389 4217 μεγάλην,
419 4142 467 4201 ὅτε
488 4163 518 4212 γε
540 4148 645 4218 ἐχρῆν,
674 4142 821 4263 agonvilla
840 4145 1143 4204 aurffiva'aou'roavro.

28 4220 107 4270 Mox
126 4218 333 4269 transmarinam
350 4223 427 4267 reete
444 4217 548 4282 legitur
565 4217 592 4265 in
609 4213 701 4266 Eril
717 4216 787 4264 ferd.
799 4213 862 4264 (101.
886 4231 938 4280 qua
956 4231 1023 4264 voce
1040 4211 1143 4262 Cicero

5 4333 9 4341 .
29 4289 130 4340 utitur
147 4287 176 4336 in
194 4283 277 4335 verr.
293 4287 321 4336 V
339 4286 392 4337 18:
430 4285 613 4336 Privatim-
631 4305 676 4336 nce
692 4286 825 4356 proficisci
840 4302 971 4352 qraoqaam
985 4289 1077 4351 potes.
1096 4298 1143 4328 acc

29 4375 179 4410 arcessere
194 4374 235 4405 res
251 4359 445 4407 oassmariaas
469 4355 511 4423 cx'g
530 4358 564 4405 iis
589 4357 664 4406 locis.
702 4358 737 4406 In
762 4355 826 4404 Par.
853 4355 881 4405 9.
902 4349 992 4402 V'enn.
1017 4353 1142 4419 llcrvag.

33 4436 88 4480 est
105 4428 280 4486 auaritimam,
311 4428 339 4478 ln
354 4434 419 4480 cett.
437 4427 517 4481 codd.
536 4433 563 4478 et
581 4426 609 4477 iu
626 4427 669 4479 erl.
687 4427 812 4478 Romana
829 4427 977 4492 arteriarum!
