2824 5018
285 407 370 484 530
622 401 1019 472 *enarro

272 573 494 647 'adolesccnn
517 571 585 657 qni,
609 577 643 632 et
661 593 723 655 quo
746 569 929 632 animoiam
947 573 1002 646 sit,
1026 581 1060 634 et
1075 571 1179 658 qualis
1194 573 1336 634 virtutus

254 689 259 704 ·
286 657 349 733 sit,
378 657 545 729 videmus,
581 655 615 715 in
637 655 782 739 equitum
807 655 963 716 centuriis
986 656 1092 717 voluit
1112 677 1183 716 esse
1202 665 1231 716 et
1251 659 1284 716 ad
1299 657 1337 718 boe

287 741 425 804 efficium
447 737 725 810 necessitudinis,
749 745 783 798 et
805 737 845 798 asl
863 738 1024 837 reliquum
1045 737 1190 821 teinpus,
1211 741 1337 818 gratiosus,

285 824 322 884 id
343 825 405 885 erit
421 823 490 885 eius
508 821 626 884 vitrico
642 819 763 894 fraudi,
785 829 840 881 aas
856 822 998 883 crimmis
1022 843 1096 896 nec,
1118 823 1148 882 si
1160 823 1244 902 virgo
1257 822 1337 882 Vestr-

286 905 341 981 lis,
364 907 459 969 huius
477 905 662 988 propinqua
677 905 917 976 etnccesssria,
932 903 1040 966 locum
1050 927 1141 967 suum
1154 905 1335 987 gladiatoribus

287 991 453 1051 concessit
475 989 568 1061 huic,
600 1009 666 1049 non
689 997 722 1048 et
748 987 808 1047 illa
831 988 885 1067 pie
909 989 1009 1063 fecit,
1044 998 1079 1068 ct¹
1100 989 1154 1049 bic
1177 1013 1194 1050 a
1215 990 1295 1070 culpa
1312 997 1338 1047 est

285 1081 438 1135 remotus,
463 1072 568 1132 omnia
589 1071 670 1132 haec
693 1079 768 1132 sunt
789 1071 892 1130 officia
912 1073 1190 1146 necessariorum,
1220 1073 1340 1134 commoda

285 1157 481 1230 tenuiorum,
503 1155 611 1216 munia
632 1155 889 1214 candidatorum.

237 1271 278 1325 Μ
348 1241 393 1300 At
409 1239 493 1300 enim
508 1239 574 1320 agit
587 1258 711 1297 mecum
727 1245 855 1302 austere
874 1246 907 1296 et
917 1237 1029 1298 Stoice
1045 1239 1141 1298 (lato.
1164 1247 1255 1319 negat
1269 1233 1342 1300 versu

287 1345 374 1395 esse,
391 1323 481 1382 allici
498 1319 759 1382 benevolentiam
776 1321 865 1380 cibo:
883 1329 980 1399 negat
996 1321 1151 1382 iudicium
1173 1322 1312 1383 bominum
1324 1321 1344 1380 is

285 1405 526 1487 magistratibus
555 1403 746 1467 mandandis
780 1404 942 1484 corrumpi
970 1403 1194 1485 voluptatibus
1224 1413 1344 1484 oportere

286 1489 374 1570 Ergo
394 1490 434 1548 ad
454 1510 604 1561 coenam,
627 1486 798 1568 petitionis
819 1507 934 1562 causa,
960 1487 1078 1570 siquis
1100 1498 1212 1560 vocat,
1234 1488 1343 1546 condes·

225 1645 229 1653 ⁸
285 1581 391 1634 netur.
415 1571 547 1656 quippe,
570 1570 689 1654 inquit,
711 1578 748 1629 tu
766 1568 844 1628 milri
864 1591 1017 1630 summum
1033 1571 1214 1659 imperium,
1236 1591 1345 1630 summan

287 1655 531 1728 anctoritatem,
567 1660 604 1714 tn
636 1651 855 1734 gubernacula
880 1652 1083 1733 reipublicae
1112 1663 1205 1736 petas
1236 1652 1345 1713 fovendis

284 1737 447 1799 bominum
471 1736 643 1810 sensibus,
678 1743 711 1804 at
739 1734 937 1796 deliniendis
964 1737 1099 1809 animis,
1134 1745 1166 1798 et
1194 1735 1346 1797 adhibendis

283 1821 531 1902 voluptatibus?
554 1819 668 1880 Utrum
690 1819 902 1891 lenocinium,
925 1818 1044 1900 inquit,
1068 1844 1085 1879 s
1108 1841 1204 1902 grege
1225 1820 1343 1879 delicatas

283 1904 484 1978 iuventutis,
517 1925 558 1962 an
578 1901 667 1965 orbis
689 1910 847 1963 terrarum
867 1901 1036 1984 imperium
1060 1927 1078 1962 a
1098 1903 1221 1984 populo
1241 1903 1344 1966 Roman

283 1987 446 2070 petebas?
482 1985 661 2059 Horribilis
694 1987 815 2058 oratio;
843 1984 902 2044 sed
929 2006 997 2044 eam
1017 2007 1111 2058 usus,
1141 1989 1229 2060 vita,
1258 2005 1344 2056 mores,

285 2071 400 2132 civitas
417 2071 490 2152 ipsa
505 2069 642 2150 respuit.
686 2067 799 2168 Neque
810 2063 927 2127 'tamen
946 2069 1212 2144 Lacedaemonii,
1236 2078 1344 2130 auctores

285 2154 380 2214 istius
398 2153 482 2215 sitae
500 2162 598 2236 atque
615 2152 786 2225 orationis,
809 2152 865 2234 qui
881 2145 1081 2234 quotidianis
1100 2153 1207 2234 epulis
1220 2154 1254 2214 in
1267 2153 1345 2213 robsrs

286 2237 497 2307 accumbunta
518 2255 624 2318 neque
643 2256 719 2294 vero
739 2235 878 2305 Cretes,
903 2254 1037 2316 quorum
1054 2257 1147 2300 nemo
1168 2236 1301 2318 gustarit
1314 2253 1344 2291 ur·
1379 2247 1380 2250 ’

285 2343 377 2403 quam
397 2320 538 2390 cubans,
560 2315 695 2390 melius„
720 2339 813 2400 quam
830 2315 966 2377 Romani
982 2316 1141 2392 homines,
1166 2319 1224 2404 qui
1242 2328 1346 2398 tempora
1379 2345 1380 2360 r

283 2402 463 2482 voluptatis
480 2402 668 2486 laborisque
687 2401 900 2480 dispertiunt,
924 2401 1125 2482 respublicas
1147 2424 1232 2464 suas·
1245 2400 1345 2462 retinas*

285 2507 1341 2543 -----—,---—-——--—-—...·

282 2577 410 2649 definitur
423 2593 465 2626 res
480 2575 578 2635 sudem,
597 2583 626 2624 ut
637 2574 706 2643 facit
717 2571 826 2628 Cicero:
846 2572 928 2640 quid
943 2576 1029 2625 enirn
1043 2576 1165 2647 culpo?
1186 2579 1342 2628 universos

283 2657 310 2700 et
327 2649 427 2698 latiore
442 2647 571 2712 sudoque
588 2653 718 2704 tractatu,
737 2654 767 2695 ut
782 2663 868 2696 crrsnes
885 2651 1006 2695 crateres
1020 2646 1175 2715 plerumque
1188 2644 1305 2717 ficerunt.
1378 2655 1379 2660 ’

335 2717 366 2767 L.
381 2717 508 2768 Pinarius
526 2716 631 2773 Natta,
651 2717 698 2783 qui
712 2717 836 2784 pontifex
851 2732 936 2770 novus
955 2723 1061 2785 postem
1077 2719 1184 2778 tenuit,
1212 2718 1343 2788 prasinos

281 2787 315 2838 P.
331 2788 452 2848 Clodio,
473 2803 554 2854 quum
568 2787 591 2835 is
607 2785 733 2841 tribunus
751 2786 789 2854 pl.
808 2805 899 2848 aream
916 2804 1027 2839 eversae
1045 2787 1192 2840 Ciceronis
1210 2789 1341 2839 domusion-

281 2857 329 2926 plo
346 2858 500 2911 Libertatis
518 2863 731 2908 corasecraret'a.
745 2875 770 2906 u.
785 2875 806 2908 c.
825 2856 893 2908 096.
921 2876 945 2909 v.
962 2875 989 2926 p.
1008 2859 1086 2909 dorus
1105 2858 1153 2911 bb.
1183 2889 1216 2898 —
1252 2853 1344 2909 censoru

282 2931 399 2996 equitum
416 2928 607 2996 duodeviginti
623 2945 704 2977 censu
721 2928 836 2977 maximo
855 2929 1002 2997 descripsit
1017 2930 1133 2981 serulus
1150 2929 1271 2980 Tullius.
1299 2943 1315 2976 s.
1326 2921 1344 2969 dt
1377 2939 1378 2960 ¹

281 2999 402 3068 llsp.AII
418 3000 466 3053 illl.
486 2999 602 3066 Dionys.
618 2997 663 3047 lv
681 2996 727 3050 18.
747 2997 808 3048 biv.
822 2999 837 3047 Ι
851 2999 899 3050 45.
922 3029 953 3039 -
987 2999 1089 3068 fraudi.
1128 3001 1247 3066 Servius
1263 2999 1293 3052 sd
1304 2996 1346 3046 bel·

282 3070 327 3122 xl
345 3067 421 3122 708:
468 3069 599 3120 Fraudem
622 3076 724 3119 veteres
744 3087 857 3138 poenam
883 3071 1023 3121 vocabant.
1062 3068 1118 3120 Cic.
1141 3071 1171 3121 in
1199 3067 1346 3122 corbeliaco:

227 3143 228 3148 ’
282 3141 330 3192 Ne
346 3141 473 3210 fraudi
490 3139 543 3191 sii
560 3141 610 3197 ei,
637 3140 697 3205 qui
715 3139 876 3210 populum
895 3140 936 3192 ssd
954 3142 1214 3192 contentionem
1236 3135 1344 3192 sosatii·

282 3229 307 3263 v.
322 3229 351 3281 p.
365 3211 396 3266 S.
411 3212 495 3263 llosc.
511 3212 534 3278 ξ.
547 3208 597 3261 49.
634 3210 734 3261 Paullo
750 3217 814 3280 post
827 3211 975 3262 Lambinus
991 3212 1068 3263 dedit
1078 3211 1286 3282 gladiatoribus,
1302 3204 1345 3258 nobb

282 3283 364 3333 codd.
384 3283 550 3337 auctoritate
564 3281 593 3330 in
607 3281 711 3333 adnott.
731 3283 773 3332 sd.
794 3279 875 3332 1566
887 3283 981 3342 allata,
1003 3283 1124 3350 quamvis
1136 3284 1165 3334 in
1175 3283 1275 3353 Repet.
1285 3275 1342 3329 Lanl

281 3353 313 3403 id
331 3371 364 3406 ex
379 3353 460 3403 libris
476 3351 617 3418 veteribus
629 3370 688 3403 esse
706 3353 823 3404 dicatur.
861 3351 921 3402 Sed
944 3371 1036 3403 ornnes
1054 3353 1134 3404 Pare.
1158 3356 1296 3424 ceterique
1310 3347 1339 3399 lib

282 3423 419 3494 praebent
432 3423 634 3494 pladiatorium,
654 3429 685 3474 ut
700 3441 728 3493 p.
749 3423 826 3474 Sext.
841 3421 896 3474 58:
933 3423 1083 3474 lliuxirnurn
1093 3425 1191 3496 populi
1206 3425 1241 3476 ll.
1250 3422 1341 3496 judicis·

282 3496 407 3545 universo
424 3512 547 3545 consessu
560 3493 727 3564 pladiatorio
736 3493 907 3554 ,declaratum
923 3501 969 3546 est.
1341 3552 1343 3562 Ι

324 3563 420 3685 ῘῚᾹ.
457 3583 566 3622 verum,
587 3563 701 3633 justum.
739 3565 853 3615 Seruius
872 3565 907 3614 nd
929 3565 999 3615 Aen.
1022 3562 1186 3617 x11694=
1222 3563 1282 3616 Alii
1295 3565 1345 3612 ortes

281 3653 321 3686 nas
343 3653 358 3685 o
385 3635 485 3686 dietum
510 3635 662 3705 accipiunt3
696 3652 786 3685 verum
809 3637 893 3692 enirn,
921 3635 992 3702 qnod
1014 3643 1112 3686 recturn
1134 3643 1160 3686 et
1185 3637 1279 3687 bonum
1297 3635 1345 3706 ‘⁸⁸5¹'

282 3707 465 3774 appellabant.
502 3704 564 3757 cie.
583 3703 731 3756 Tusc.III
746 3705 804 3757 292
840 3706 1015 3756 Praeclarum
1030 3705 1100 3756 illud
1114 3714 1172 3765 est,
1186 3706 1251 3756 etsi
1266 3711 1344 3771 quaero

282 3783 381 3828 rectum
404 3793 507 3844 queque
533 3783 559 3828 et
580 3793 687 3832 cerum,
713 3783 750 3826 ut*
763 3794 822 3852 θυεμ
841 3778 896 3843 ‘qui
917 3778 992 3828 scobis
1015 3778 1148 3828 carissimi
1172 3795 1231 3828 esse
1255 3773 1345 3827 debers·

283 3864 365 3913 neque
383 3864 415 3898 ae
430 3849 601 3916 nosrnstipsss
617 3864 740 3897 amemus.
983 3853 985 3859 ’

334 3915 548 3968 Lacedaemonii.
563 3917 723 3970 Athenaeus
732 3908 957 3986 latissimis:
974 3913 1138 3988 Συβαρίτης
1146 3915 1346 3986 παραγενόμενος

282 3993 326 4074 εἰς’
340 3985 574 4077 Λακεδαίμονα,
600 3992 653 4075 abab
666 3986 785 4076 adsiste
799 3990 838 4074 sig
854 3984 1016 4070 perdisces,
1043 3991 1088 4043 ἐπὶ
1103 3991 1162 4042 τῶν
1177 3985 1345 4100 &menidi

281 4077 502 4180 dossas?
519 4057 641 4178 beru
658 4055 1140 4200 saetoso-asebast
1157 4057 1258 4178 itis·

282 4199 395 4267 itemque
416 4199 550 4270 Lycurgi,
575 4199 713 4250 laboribus
728 4198 853 4255 erudirust
867 4197 1045 4267 juvsrstutem,
1069 4198 1210 4257 cenando,
1235 4187 1337 4246 currendo

281 4269 432 4330 esuriendo,
451 4270 576 4328 sitiendo,
590 4269 713 4340 alpensis,
733 4269 888 4320 aestuando.
925 4269 1206 4332 vabriam-'112
1228 4265 1276 4317 18:
1307 4257 1341 4308 cs

282 4345 340 4398 tes,
374 4358 453 4408 qurum
477 4342 649 4394 acerbissima
669 4342 852 4392 exsecratione
881 4339 1010 4392 adversus
1033 4357 1095 4399 eos,
1126 4357 1191 4410 qrsss
1216 4337 1346 4388 ostensu

283 4409 410 4469 oderunt,
430 4412 470 4461 uti
487 4410 596 4469 solunt,
613 4419 643 4460 ut
659 4411 732 4462 nbula
749 4411 938 4464 cousuetudine
954 4411 1134 4471 delectentur,
1152 4415 1251 4481 optant.
