<?xml version="1.0" encoding="UTF-8"?>
<!DOCTYPE html PUBLIC "-//W3C//DTD XHTML 1.0 Transitional//EN"
    "http://www.w3.org/TR/xhtml1/DTD/xhtml1-transitional.dtd">
<html xmlns="http://www.w3.org/1999/xhtml" xml:lang="en" lang="en">
 <head>
  <title>
</title>
<meta http-equiv="Content-Type" content="text/html;charset=utf-8" />
  <meta name='ocr-system' content='tesseract 3.04.00' />
  <meta name='ocr-capabilities' content='ocr_page ocr_carea ocr_par ocr_line ocrx_word'/>
</head>
<body>
  <div class='ocr_page' id='page_1' title='image "./mtulliiciceroni67cicegoog/mtulliiciceroni67cicegoog_0065.png"; bbox 0 0 2854 5024; ppageno 0'>
   <div class='ocr_carea' id='block_1_1' title="bbox 278 331 1184 426">
    <p class='ocr_par' dir='ltr' id='par_1_1' title="bbox 278 331 1184 426">
     <span class='ocr_line' id='line_1_1' title="bbox 278 331 1184 426; baseline -0.001 -38"><span class='ocrx_word' id='word_1_1' title='bbox 278 331 337 421; x_wconf 54' lang='lat' dir='ltr'><strong><em>w</em></strong></span> <span class='ocrx_word' id='word_1_2' title='bbox 464 339 523 426; x_wconf 46' lang='lat' dir='ltr'><strong><em>ff</em></strong></span> <span class='ocrx_word' id='word_1_3' title='bbox 665 331 1058 400; x_wconf 26' lang='lat' dir='ltr'><strong>ounrro*</strong></span> <span class='ocrx_word' id='word_1_4' title='bbox 1170 343 1184 354; x_wconf 65' lang='lat'>„</span> 
     </span>
    </p>
   </div>
   <div class='ocr_carea' id='block_1_2' title="bbox 279 453 1353 587">
    <p class='ocr_par' dir='ltr' id='par_1_2' title="bbox 279 453 1353 587">
     <span class='ocr_line' id='line_1_2' title="bbox 279 453 1353 587; baseline -0.002 -23"><span class='ocrx_word' id='word_1_5' title='bbox 279 497 404 585; x_wconf 85' lang='lat' dir='ltr'><strong>piditas</strong></span> <span class='ocrx_word' id='word_1_6' title='bbox 427 453 535 564; x_wconf 56' lang='lat' dir='ltr'><strong>assati</strong></span> <span class='ocrx_word' id='word_1_7' title='bbox 544 515 547 520; x_wconf 88' lang='lat'>&#39;</span> <span class='ocrx_word' id='word_1_8' title='bbox 566 523 653 566; x_wconf 87' lang='lat' dir='ltr'><strong>nune</strong></span> <span class='ocrx_word' id='word_1_9' title='bbox 682 502 763 587; x_wconf 89' lang='lat' dir='ltr'><strong>quid</strong></span> <span class='ocrx_word' id='word_1_10' title='bbox 795 510 867 578; x_wconf 88' lang='lat' dir='ltr'><strong>est,</strong></span> <span class='ocrx_word' id='word_1_11' title='bbox 897 499 997 584; x_wconf 38' lang='lat' dir='ltr'><strong>,quod</strong></span> <span class='ocrx_word' id='word_1_12' title='bbox 1023 501 1193 586; x_wconf 82' lang='lat' dir='ltr'><strong>quisquam</strong></span> <span class='ocrx_word' id='word_1_13' title='bbox 1220 499 1353 563; x_wconf 76' lang='lat' dir='ltr'><strong>errotis</strong></span> 
     </span>
    </p>
   </div>
   <div class='ocr_carea' id='block_1_3' title="bbox 137 585 1358 3256">
    <p class='ocr_par' dir='ltr' id='par_1_3' title="bbox 137 585 1358 3083">
     <span class='ocr_line' id='line_1_3' title="bbox 282 585 1355 670; baseline -0.002 -24"><span class='ocrx_word' id='word_1_14' title='bbox 282 587 396 647; x_wconf 87' lang='lat' dir='ltr'><strong>audire</strong></span> <span class='ocrx_word' id='word_1_15' title='bbox 418 586 606 662; x_wconf 79' lang='lat' dir='ltr'><strong>desideret,</strong></span> <span class='ocrx_word' id='word_1_16' title='bbox 630 609 722 661; x_wconf 88' lang='lat' dir='ltr'><strong>cum,</strong></span> <span class='ocrx_word' id='word_1_17' title='bbox 745 609 827 670; x_wconf 89' lang='lat' dir='ltr'><strong>quae</strong></span> <span class='ocrx_word' id='word_1_18' title='bbox 849 585 981 660; x_wconf 85' lang='lat' dir='ltr'><strong>facitis,</strong></span> <span class='ocrx_word' id='word_1_19' title='bbox 1006 586 1166 648; x_wconf 89' lang='lat' dir='ltr'><strong>eiusmodi</strong></span> <span class='ocrx_word' id='word_1_20' title='bbox 1187 585 1263 658; x_wconf 88' lang='lat' dir='ltr'><strong>sint,</strong></span> <span class='ocrx_word' id='word_1_21' title='bbox 1281 593 1311 646; x_wconf 86' lang='lat' dir='ltr'><strong>ut</strong></span> <span class='ocrx_word' id='word_1_22' title='bbox 1327 607 1355 644; x_wconf 81' lang='lat' dir='ltr'><strong>er</strong></span> 
     </span>
     <span class='ocr_line' id='line_1_4' title="bbox 284 669 1354 751; baseline -0.003 -23"><span class='ocrx_word' id='word_1_23' title='bbox 284 670 397 732; x_wconf 88' lang='lat' dir='ltr'><strong>dedita</strong></span> <span class='ocrx_word' id='word_1_24' title='bbox 419 691 517 750; x_wconf 87' lang='lat' dir='ltr'><strong>opera</strong></span> <span class='ocrx_word' id='word_1_25' title='bbox 541 672 669 732; x_wconf 85' lang='lat' dir='ltr'><strong>anobis</strong></span> <span class='ocrx_word' id='word_1_26' title='bbox 688 681 802 732; x_wconf 87' lang='lat' dir='ltr'><strong>contra</strong></span> <span class='ocrx_word' id='word_1_27' title='bbox 819 669 1167 751; x_wconf 78' lang='lat' dir='ltr'><strong>vosmetipsos.facere</strong></span> <span class='ocrx_word' id='word_1_28' title='bbox 1182 669 1354 730; x_wconf 75' lang='lat' dir='ltr'><strong>videamini?</strong></span> 
     </span>
     <span class='ocr_line' id='line_1_5' title="bbox 214 747 1356 835; baseline 0.001 -27"><span class='ocrx_word' id='word_1_29' title='bbox 214 754 353 834; x_wconf 74' lang='lat' dir='ltr'><strong>105Age</strong></span> <span class='ocrx_word' id='word_1_30' title='bbox 375 775 485 828; x_wconf 89' lang='lat' dir='ltr'><strong>nunc,</strong></span> <span class='ocrx_word' id='word_1_31' title='bbox 507 754 566 813; x_wconf 90' lang='lat' dir='ltr'><strong>illa</strong></span> <span class='ocrx_word' id='word_1_32' title='bbox 589 755 771 828; x_wconf 87' lang='lat' dir='ltr'><strong>videamus,</strong></span> <span class='ocrx_word' id='word_1_33' title='bbox 793 754 946 826; x_wconf 89' lang='lat' dir='ltr'><strong>iudices,</strong></span> <span class='ocrx_word' id='word_1_34' title='bbox 969 774 1051 835; x_wconf 86' lang='lat' dir='ltr'><strong>quae</strong></span> <span class='ocrx_word' id='word_1_35' title='bbox 1075 753 1185 813; x_wconf 89' lang='lat' dir='ltr'><strong>statim</strong></span> <span class='ocrx_word' id='word_1_36' title='bbox 1207 747 1356 814; x_wconf 79' lang='lat' dir='ltr'><strong>coriaceuta</strong></span> 
     </span>
     <span class='ocr_line' id='line_1_6' title="bbox 283 835 1356 898; baseline -0.004 -2"><span class='ocrx_word' id='word_1_37' title='bbox 283 846 377 897; x_wconf 70' lang='lat' dir='ltr'><strong>sunt..</strong></span> <span class='ocrx_word' id='word_1_38' title='bbox 412 838 465 897; x_wconf 77' lang='lat' dir='ltr'><strong>Ad</strong></span> <span class='ocrx_word' id='word_1_39' title='bbox 487 837 679 898; x_wconf 81' lang='lat' dir='ltr'><strong>Volaterras</strong></span> <span class='ocrx_word' id='word_1_40' title='bbox 708 840 743 898; x_wconf 93' lang='lat' dir='ltr'><strong>in</strong></span> <span class='ocrx_word' id='word_1_41' title='bbox 772 849 879 898; x_wconf 88' lang='lat' dir='ltr'><strong>castra</strong></span> <span class='ocrx_word' id='word_1_42' title='bbox 903 837 939 896; x_wconf 83' lang='lat' dir='ltr'><strong>L.</strong></span> <span class='ocrx_word' id='word_1_43' title='bbox 963 835 1073 897; x_wconf 89' lang='lat' dir='ltr'><strong>Sullae</strong></span> <span class='ocrx_word' id='word_1_44' title='bbox 1095 859 1180 896; x_wconf 90' lang='lat' dir='ltr'><strong>mors</strong></span> <span class='ocrx_word' id='word_1_45' title='bbox 1204 836 1275 895; x_wconf 79' lang='lat' dir='ltr'><strong>Sex.</strong></span> <span class='ocrx_word' id='word_1_46' title='bbox 1295 835 1356 894; x_wconf 75' lang='lat' dir='ltr'><strong>llos</strong></span> 
     </span>
     <span class='ocr_line' id='line_1_7' title="bbox 282 917 1356 1003; baseline -0.006 -23"><span class='ocrx_word' id='word_1_47' title='bbox 282 919 344 993; x_wconf 88' lang='lat' dir='ltr'><strong>cii,</strong></span> <span class='ocrx_word' id='word_1_48' title='bbox 367 922 566 1003; x_wconf 79' lang='lat' dir='ltr'><strong>quatriduo,</strong></span> <span class='ocrx_word' id='word_1_49' title='bbox 588 943 651 1002; x_wconf 90' lang='lat' dir='ltr'><strong>quo</strong></span> <span class='ocrx_word' id='word_1_50' title='bbox 674 923 703 981; x_wconf 92' lang='lat' dir='ltr'><strong>is</strong></span> <span class='ocrx_word' id='word_1_51' title='bbox 726 921 856 980; x_wconf 89' lang='lat' dir='ltr'><strong>occisus</strong></span> <span class='ocrx_word' id='word_1_52' title='bbox 880 919 943 992; x_wconf 85' lang='lat' dir='ltr'><strong>est,</strong></span> <span class='ocrx_word' id='word_1_53' title='bbox 964 919 1182 1003; x_wconf 76' lang='lat' dir='ltr'><strong>Chrysogono</strong></span> <span class='ocrx_word' id='word_1_54' title='bbox 1205 917 1356 977; x_wconf 87' lang='lat' dir='ltr'><strong>nuntiatur.</strong></span> 
     </span>
     <span class='ocr_line' id='line_1_8' title="bbox 342 997 1357 1084; baseline -0.007 -21"><span class='ocrx_word' id='word_1_55' title='bbox 342 1005 422 1063; x_wconf 75' lang='lat' dir='ltr'><strong>Car.</strong></span> <span class='ocrx_word' id='word_1_56' title='bbox 445 1003 625 1064; x_wconf 88' lang='lat' dir='ltr'><strong>XXXVll.</strong></span> <span class='ocrx_word' id='word_1_57' title='bbox 671 997 849 1080; x_wconf 80' lang='lat' dir='ltr'><strong>Quaeritur</strong></span> <span class='ocrx_word' id='word_1_58' title='bbox 871 1005 968 1064; x_wconf 88' lang='lat' dir='ltr'><strong>etiam</strong></span> <span class='ocrx_word' id='word_1_59' title='bbox 990 1025 1095 1076; x_wconf 89' lang='lat' dir='ltr'><strong>nunc,</strong></span> <span class='ocrx_word' id='word_1_60' title='bbox 1119 1003 1191 1084; x_wconf 86' lang='lat' dir='ltr'><strong>quis</strong></span> <span class='ocrx_word' id='word_1_61' title='bbox 1214 1023 1282 1060; x_wconf 85' lang='lat' dir='ltr'><strong>eum</strong></span> <span class='ocrx_word' id='word_1_62' title='bbox 1297 1021 1357 1060; x_wconf 89' lang='lat' dir='ltr'><strong>uun·</strong></span> 
     </span>
     <span class='ocr_line' id='line_1_9' title="bbox 278 1083 1356 1170; baseline -0.006 -24"><span class='ocrx_word' id='word_1_63' title='bbox 278 1087 360 1162; x_wconf 84' lang='lat' dir='ltr'><strong>tium</strong></span> <span class='ocrx_word' id='word_1_64' title='bbox 382 1086 549 1170; x_wconf 41' lang='lat' dir='ltr'><strong>miseriti.</strong></span> <span class='ocrx_word' id='word_1_65' title='bbox 566 1087 681 1148; x_wconf 86' lang='lat' dir='ltr'><strong>Nonne</strong></span> <span class='ocrx_word' id='word_1_66' title='bbox 703 1087 912 1169; x_wconf 85' lang='lat' dir='ltr'><strong>perspicuum</strong></span> <span class='ocrx_word' id='word_1_67' title='bbox 935 1094 1006 1159; x_wconf 90' lang='lat' dir='ltr'><strong>est,</strong></span> <span class='ocrx_word' id='word_1_68' title='bbox 1030 1086 1187 1158; x_wconf 79' lang='lat' dir='ltr'><strong>eundem,</strong></span> <span class='ocrx_word' id='word_1_69' title='bbox 1210 1084 1266 1166; x_wconf 88' lang='lat' dir='ltr'><strong>qui</strong></span> <span class='ocrx_word' id='word_1_70' title='bbox 1284 1083 1356 1142; x_wconf 79' lang='lat' dir='ltr'><strong>Ame-</strong></span> 
     </span>
     <span class='ocr_line' id='line_1_10' title="bbox 246 1166 1356 1254; baseline 0 -30"><span class='ocrx_word' id='word_1_71' title='bbox 246 1209 264 1224; x_wconf 63' lang='grc'>,</span> <span class='ocrx_word' id='word_1_72' title='bbox 278 1169 385 1231; x_wconf 82' lang='lat' dir='ltr'><strong>riam?</strong></span> <span class='ocrx_word' id='word_1_73' title='bbox 430 1170 531 1229; x_wconf 80' lang='lat' dir='ltr'><strong>Curat</strong></span> <span class='ocrx_word' id='word_1_74' title='bbox 554 1169 810 1254; x_wconf 76' lang='lat' dir='ltr'><strong>Chrysogonus,</strong></span> <span class='ocrx_word' id='word_1_75' title='bbox 832 1178 868 1230; x_wconf 89' lang='lat' dir='ltr'><strong>ut</strong></span> <span class='ocrx_word' id='word_1_76' title='bbox 892 1169 960 1229; x_wconf 86' lang='lat' dir='ltr'><strong>eius</strong></span> <span class='ocrx_word' id='word_1_77' title='bbox 983 1169 1069 1229; x_wconf 86' lang='lat' dir='ltr'><strong>hona</strong></span> <span class='ocrx_word' id='word_1_78' title='bbox 1090 1176 1232 1229; x_wconf 84' lang='lat' dir='ltr'><strong>veneant</strong></span> <span class='ocrx_word' id='word_1_79' title='bbox 1254 1166 1356 1235; x_wconf 64' lang='lat' dir='ltr'><strong>statim</strong></span> 
     </span>
     <span class='ocr_line' id='line_1_11' title="bbox 280 1249 1356 1336; baseline -0.006 -23"><span class='ocrx_word' id='word_1_80' title='bbox 280 1254 336 1336; x_wconf 88' lang='lat' dir='ltr'><strong>qui</strong></span> <span class='ocrx_word' id='word_1_81' title='bbox 358 1273 425 1312; x_wconf 90' lang='lat' dir='ltr'><strong>non</strong></span> <span class='ocrx_word' id='word_1_82' title='bbox 446 1260 540 1311; x_wconf 85' lang='lat' dir='ltr'><strong>norat</strong></span> <span class='ocrx_word' id='word_1_83' title='bbox 562 1253 725 1312; x_wconf 87' lang='lat' dir='ltr'><strong>hominem</strong></span> <span class='ocrx_word' id='word_1_84' title='bbox 747 1261 801 1314; x_wconf 90' lang='lat' dir='ltr'><strong>aut</strong></span> <span class='ocrx_word' id='word_1_85' title='bbox 822 1275 899 1313; x_wconf 88' lang='lat' dir='ltr'><strong>rem.</strong></span> <span class='ocrx_word' id='word_1_86' title='bbox 939 1253 990 1312; x_wconf 35' lang='lat' dir='ltr'><strong>*At</strong></span> <span class='ocrx_word' id='word_1_87' title='bbox 1010 1253 1066 1334; x_wconf 88' lang='lat' dir='ltr'><strong>qui</strong></span> <span class='ocrx_word' id='word_1_88' title='bbox 1089 1253 1125 1312; x_wconf 85' lang='lat' dir='ltr'><strong>ei·</strong></span> <span class='ocrx_word' id='word_1_89' title='bbox 1138 1251 1231 1312; x_wconf 76' lang='lat' dir='ltr'><strong>v&#39;enit</strong></span> <span class='ocrx_word' id='word_1_90' title='bbox 1246 1249 1279 1309; x_wconf 90' lang='lat' dir='ltr'><strong>in</strong></span> <span class='ocrx_word' id='word_1_91' title='bbox 1292 1271 1356 1309; x_wconf 87' lang='lat' dir='ltr'><strong>men·</strong></span> 
     </span>
     <span class='ocr_line' id='line_1_12' title="bbox 199 1332 1355 1418; baseline -0.007 -21"><span class='ocrx_word' id='word_1_92' title='bbox 199 1366 200 1372; x_wconf 45' lang='lat'>¹</span> <span class='ocrx_word' id='word_1_93' title='bbox 278 1345 365 1408; x_wconf 86' lang='lat' dir='ltr'><strong>tem,</strong></span> <span class='ocrx_word' id='word_1_94' title='bbox 399 1335 534 1414; x_wconf 90' lang='lat' dir='ltr'><strong>praedia</strong></span> <span class='ocrx_word' id='word_1_95' title='bbox 556 1337 790 1416; x_wconf 80' lang='lat' dir='ltr'><strong>concupiscere</strong></span> <span class='ocrx_word' id='word_1_96' title='bbox 812 1335 950 1396; x_wconf 90' lang='lat' dir='ltr'><strong>hominis</strong></span> <span class='ocrx_word' id='word_1_97' title='bbox 973 1335 1101 1416; x_wconf 81' lang='lat' dir='ltr'><strong>ignoti,</strong></span> <span class='ocrx_word' id='word_1_98' title='bbox 1135 1356 1231 1418; x_wconf 86' lang='lat' dir='ltr'><strong>quem</strong></span> <span class='ocrx_word' id='word_1_99' title='bbox 1253 1332 1355 1392; x_wconf 83' lang='lat' dir='ltr'><strong>omniuo</strong></span> 
     </span>
     <span class='ocr_line' id='line_1_13' title="bbox 228 1414 1357 1502; baseline -0.007 -22"><span class='ocrx_word' id='word_1_100' title='bbox 228 1479 230 1490; x_wconf 74' lang='grc'>,</span> <span class='ocrx_word' id='word_1_101' title='bbox 278 1440 451 1502; x_wconf 83' lang='lat' dir='ltr'><strong>numquam</strong></span> <span class='ocrx_word' id='word_1_102' title='bbox 473 1417 601 1480; x_wconf 84' lang='lat' dir='ltr'><strong>viderat</strong></span> <span class='ocrx_word' id='word_1_103' title='bbox 613 1420 629 1478; x_wconf 82' lang='lat' dir='ltr'><strong>‘l</strong></span> <span class='ocrx_word' id='word_1_104' title='bbox 662 1420 801 1492; x_wconf 83' lang='lat' dir='ltr'><strong>Soletis,</strong></span> <span class='ocrx_word' id='word_1_105' title='bbox 825 1417 1036 1500; x_wconf 79' lang='lat' dir='ltr'><strong>cumuliqui&#39;d</strong></span> <span class='ocrx_word' id='word_1_106' title='bbox 1050 1417 1276 1478; x_wconf 89' lang='lat' dir='ltr'><strong>huiuscemodi</strong></span> <span class='ocrx_word' id='word_1_107' title='bbox 1291 1414 1357 1474; x_wconf 87' lang='lat' dir='ltr'><strong>audi·</strong></span> 
     </span>
     <span class='ocr_line' id='line_1_14' title="bbox 203 1499 1356 1586; baseline -0.006 -25"><span class='ocrx_word' id='word_1_108' title='bbox 203 1561 208 1586; x_wconf 60' lang='lat'><strong>,</strong></span> <span class='ocrx_word' id='word_1_109' title='bbox 280 1504 338 1574; x_wconf 90' lang='lat' dir='ltr'><strong>tis,</strong></span> <span class='ocrx_word' id='word_1_110' title='bbox 361 1502 503 1573; x_wconf 87' lang='lat' dir='ltr'><strong>iudices,</strong></span> <span class='ocrx_word' id='word_1_111' title='bbox 526 1503 682 1562; x_wconf 89' lang='lat' dir='ltr'><strong>continuo</strong></span> <span class='ocrx_word' id='word_1_112' title='bbox 705 1503 837 1576; x_wconf 58' lang='lat' dir='ltr'><strong>diceres</strong></span> <span class='ocrx_word' id='word_1_113' title='bbox 851 1523 987 1562; x_wconf 87' lang='lat' dir='ltr'><strong>necesse</strong></span> <span class='ocrx_word' id='word_1_114' title='bbox 1011 1510 1074 1575; x_wconf 88' lang='lat' dir='ltr'><strong>est,</strong></span> <span class='ocrx_word' id='word_1_115' title='bbox 1097 1502 1239 1582; x_wconf 86' lang='lat' dir='ltr'><strong>aliquem</strong></span> <span class='ocrx_word' id='word_1_116' title='bbox 1261 1499 1356 1562; x_wconf 79' lang='lat' dir='ltr'><strong>dixisse</strong></span> 
     </span>
     <span class='ocr_line' id='line_1_15' title="bbox 144 1585 1355 1668; baseline -0.006 -24"><span class='ocrx_word' id='word_1_117' title='bbox 144 1611 160 1644; x_wconf 67' lang='lat' dir='ltr'>x</span> <span class='ocrx_word' id='word_1_118' title='bbox 280 1585 476 1666; x_wconf 88' lang='lat' dir='ltr'><strong>municipem</strong></span> <span class='ocrx_word' id='word_1_119' title='bbox 499 1594 554 1645; x_wconf 88' lang='lat' dir='ltr'><strong>aut</strong></span> <span class='ocrx_word' id='word_1_120' title='bbox 576 1585 727 1646; x_wconf 86' lang='lat' dir='ltr'><strong>vicinum.</strong></span> <span class='ocrx_word' id='word_1_121' title='bbox 765 1587 789 1644; x_wconf 93' lang='lat' dir='ltr'><strong>ii</strong></span> <span class='ocrx_word' id='word_1_122' title='bbox 810 1585 999 1668; x_wconf 87' lang='lat' dir='ltr'><strong>plerumque</strong></span> <span class='ocrx_word' id='word_1_123' title='bbox 1022 1585 1193 1645; x_wconf 84' lang='lat' dir='ltr'><strong>indicant:</strong></span> <span class='ocrx_word' id='word_1_124' title='bbox 1238 1604 1294 1665; x_wconf 93' lang='lat' dir='ltr'><strong>per</strong></span> <span class='ocrx_word' id='word_1_125' title='bbox 1318 1600 1355 1640; x_wconf 87' lang='lat' dir='ltr'><strong>eos</strong></span> 
     </span>
     <span class='ocr_line' id='line_1_16' title="bbox 281 1663 1353 1751; baseline -0.004 -25"><span class='ocrx_word' id='word_1_126' title='bbox 281 1669 431 1751; x_wconf 81' lang='lat' dir='ltr'><strong>plerique</strong></span> <span class='ocrx_word' id='word_1_127' title='bbox 447 1670 641 1748; x_wconf 87' lang='lat' dir='ltr'><strong>produntur.</strong></span> <span class='ocrx_word' id='word_1_128' title='bbox 672 1670 738 1729; x_wconf 89' lang='lat' dir='ltr'><strong>llic</strong></span> <span class='ocrx_word' id='word_1_129' title='bbox 755 1670 838 1728; x_wconf 90' lang='lat' dir='ltr'><strong>nihil</strong></span> <span class='ocrx_word' id='word_1_130' title='bbox 855 1677 916 1741; x_wconf 90' lang='lat' dir='ltr'><strong>est,</strong></span> <span class='ocrx_word' id='word_1_131' title='bbox 940 1669 1027 1750; x_wconf 91' lang='lat' dir='ltr'><strong>quod</strong></span> <span class='ocrx_word' id='word_1_132' title='bbox 1043 1663 1353 1749; x_wconf 79' lang='lat' dir='ltr'><strong>suspicionem&#39;hoc¹)</strong></span> 
     </span>
     <span class='ocr_line' id='line_1_17' title="bbox 214 1750 1353 1834; baseline -0.009 -18"><span class='ocrx_word' id='word_1_133' title='bbox 214 1752 418 1833; x_wconf 75' lang='lat' dir='ltr'><strong>ltltlputetis.</strong></span> <span class='ocrx_word' id='word_1_134' title='bbox 472 1751 546 1812; x_wconf 89' lang='lat' dir='ltr'><strong>Non</strong></span> <span class='ocrx_word' id='word_1_135' title='bbox 580 1752 664 1812; x_wconf 90' lang='lat' dir='ltr'><strong>euim</strong></span> <span class='ocrx_word' id='word_1_136' title='bbox 696 1776 756 1834; x_wconf 90' lang='lat' dir='ltr'><strong>ego</strong></span> <span class='ocrx_word' id='word_1_137' title='bbox 789 1754 836 1812; x_wconf 91' lang='lat' dir='ltr'><strong>ita</strong></span> <span class='ocrx_word' id='word_1_138' title='bbox 866 1752 1058 1832; x_wconf 79' lang='lat' dir='ltr'><strong>disputabo:</strong></span> <span class='ocrx_word' id='word_1_139' title='bbox 1099 1750 1276 1811; x_wconf 87' lang='lat' dir='ltr'><strong>verisimile</strong></span> <span class='ocrx_word' id='word_1_140' title='bbox 1304 1754 1353 1816; x_wconf 88' lang='lat' dir='ltr'><strong>est,</strong></span> 
     </span>
     <span class='ocr_line' id='line_1_18' title="bbox 282 1831 1352 1920; baseline -0.009 -23"><span class='ocrx_word' id='word_1_141' title='bbox 282 1832 423 1897; x_wconf 70' lang='lat' dir='ltr'><strong>Roscios</strong></span> <span class='ocrx_word' id='word_1_142' title='bbox 446 1835 541 1895; x_wconf 89' lang='lat' dir='ltr'><strong>istam</strong></span> <span class='ocrx_word' id='word_1_143' title='bbox 564 1858 630 1912; x_wconf 86' lang='lat' dir='ltr'><strong>rem</strong></span> <span class='ocrx_word' id='word_1_144' title='bbox 654 1837 695 1895; x_wconf 82' lang='lat' dir='ltr'><strong>ad</strong></span> <span class='ocrx_word' id='word_1_145' title='bbox 717 1837 965 1920; x_wconf 77' lang='lat' dir='ltr'><strong>Chrysogonum</strong></span> <span class='ocrx_word' id='word_1_146' title='bbox 990 1833 1161 1895; x_wconf 88' lang='lat' dir='ltr'><strong>detulisse.</strong></span> <span class='ocrx_word' id='word_1_147' title='bbox 1194 1841 1272 1894; x_wconf 76' lang='lat' dir='ltr'><strong>erat</strong></span> <span class='ocrx_word' id='word_1_148' title='bbox 1298 1831 1352 1890; x_wconf 86' lang='lat' dir='ltr'><strong>enin</strong></span> 
     </span>
     <span class='ocr_line' id='line_1_19' title="bbox 283 1913 1350 2004; baseline -0.008 -26"><span class='ocrx_word' id='word_1_149' title='bbox 283 1919 330 1978; x_wconf 88' lang='lat' dir='ltr'><strong>eis</strong></span> <span class='ocrx_word' id='word_1_150' title='bbox 354 1940 423 1978; x_wconf 88' lang='lat' dir='ltr'><strong>cum</strong></span> <span class='ocrx_word' id='word_1_151' title='bbox 447 1919 662 2004; x_wconf 74' lang='lat' dir='ltr'><strong>Chrysogono</strong></span> <span class='ocrx_word' id='word_1_152' title='bbox 684 1921 747 1980; x_wconf 89' lang='lat' dir='ltr'><strong>iam</strong></span> <span class='ocrx_word' id='word_1_153' title='bbox 771 1928 866 1979; x_wconf 83' lang='lat' dir='ltr'><strong>antea</strong></span> <span class='ocrx_word' id='word_1_154' title='bbox 888 1919 1038 1978; x_wconf 88' lang='lat' dir='ltr'><strong>amicitia.</strong></span> <span class='ocrx_word' id='word_1_155' title='bbox 1073 1918 1145 1978; x_wconf 78' lang='lat' dir='ltr'><strong>nani</strong></span> <span class='ocrx_word' id='word_1_156' title='bbox 1173 1941 1245 1978; x_wconf 89' lang='lat' dir='ltr'><strong>eum</strong></span> <span class='ocrx_word' id='word_1_157' title='bbox 1266 1913 1350 1976; x_wconf 84' lang='lat' dir='ltr'><strong>multos</strong></span> 
     </span>
     <span class='ocr_line' id='line_1_20' title="bbox 281 1993 1352 2085; baseline -0.011 -21"><span class='ocrx_word' id='word_1_158' title='bbox 281 2006 410 2064; x_wconf 85' lang='lat' dir='ltr'><strong>veteres</strong></span> <span class='ocrx_word' id='word_1_159' title='bbox 435 2027 452 2063; x_wconf 90' lang='lat' dir='ltr'><strong>a</strong></span> <span class='ocrx_word' id='word_1_160' title='bbox 474 1993 648 2063; x_wconf 85' lang='lat' dir='ltr'><strong>maiorihus</strong></span> <span class='ocrx_word' id='word_1_161' title='bbox 672 2004 789 2080; x_wconf 81' lang='lat' dir='ltr'><strong>Roscii</strong></span> <span class='ocrx_word' id='word_1_162' title='bbox 808 2011 964 2085; x_wconf 86' lang='lat' dir='ltr'><strong>patronos</strong></span> <span class='ocrx_word' id='word_1_163' title='bbox 983 2001 1198 2084; x_wconf 81' lang='lat' dir='ltr'><strong>hospitesque</strong></span> <span class='ocrx_word' id='word_1_164' title='bbox 1215 2001 1352 2064; x_wconf 81' lang='lat' dir='ltr'><strong>haherent,</strong></span> 
     </span>
     <span class='ocr_line' id='line_1_21' title="bbox 283 2077 1351 2169; baseline -0.005 -23"><span class='ocrx_word' id='word_1_165' title='bbox 283 2108 394 2146; x_wconf 86' lang='lat' dir='ltr'><strong>omnes</strong></span> <span class='ocrx_word' id='word_1_166' title='bbox 423 2109 480 2148; x_wconf 88' lang='lat' dir='ltr'><strong>eos</strong></span> <span class='ocrx_word' id='word_1_167' title='bbox 505 2086 614 2148; x_wconf 88' lang='lat' dir='ltr'><strong>colere</strong></span> <span class='ocrx_word' id='word_1_168' title='bbox 644 2087 936 2169; x_wconf 64' lang='lat' dir='ltr'><strong>atquerobs&#39;ervare</strong></span> <span class='ocrx_word' id='word_1_169' title='bbox 960 2085 1182 2159; x_wconf 88' lang='lat' dir='ltr'><strong>destiterunt,</strong></span> <span class='ocrx_word' id='word_1_170' title='bbox 1216 2106 1254 2144; x_wconf 89' lang='lat' dir='ltr'><strong>ac</strong></span> <span class='ocrx_word' id='word_1_171' title='bbox 1280 2077 1351 2142; x_wconf 74' lang='lat' dir='ltr'><strong>sei!</strong></span> 
     </span>
     <span class='ocr_line' id='line_1_22' title="bbox 215 2167 1348 2254; baseline -0.007 -25"><span class='ocrx_word' id='word_1_172' title='bbox 215 2169 492 2252; x_wconf 71' lang='lat' dir='ltr'><strong>lOlChrysogoni</strong></span> <span class='ocrx_word' id='word_1_173' title='bbox 513 2171 609 2230; x_wconf 86' lang='lat' dir='ltr'><strong>fidem</strong></span> <span class='ocrx_word' id='word_1_174' title='bbox 632 2177 665 2228; x_wconf 85' lang='lat' dir='ltr'><strong>et</strong></span> <span class='ocrx_word' id='word_1_175' title='bbox 683 2170 869 2230; x_wconf 86' lang='lat' dir='ltr'><strong>clientelam</strong></span> <span class='ocrx_word' id='word_1_176' title='bbox 888 2169 1107 2254; x_wconf 76' lang='lat' dir='ltr'><strong>¹coutulerunt.</strong></span> <span class='ocrx_word' id='word_1_177' title='bbox 1140 2167 1237 2228; x_wconf 86' lang='lat' dir='ltr'><strong>Haeo</strong></span> <span class='ocrx_word' id='word_1_178' title='bbox 1254 2181 1348 2248; x_wconf 71' lang='lat' dir='ltr'><strong>possus</strong></span> 
     </span>
     <span class='ocr_line' id='line_1_23' title="bbox 250 2250 1349 2326; baseline -0.005 -12"><span class='ocrx_word' id='word_1_179' title='bbox 250 2299 254 2302; x_wconf 93' lang='lat'>-</span> <span class='ocrx_word' id='word_1_180' title='bbox 281 2254 388 2314; x_wconf 87' lang='lat' dir='ltr'><strong>omnia</strong></span> <span class='ocrx_word' id='word_1_181' title='bbox 409 2273 485 2314; x_wconf 85' lang='lat' dir='ltr'><strong>vere</strong></span> <span class='ocrx_word' id='word_1_182' title='bbox 509 2253 637 2312; x_wconf 86' lang='lat' dir='ltr'><strong>dicere:</strong></span> <span class='ocrx_word' id='word_1_183' title='bbox 652 2254 721 2312; x_wconf 65' lang='lat' dir='ltr'><strong>‘sed</strong></span> <span class='ocrx_word' id='word_1_184' title='bbox 740 2253 776 2312; x_wconf 93' lang='lat' dir='ltr'><strong>in</strong></span> <span class='ocrx_word' id='word_1_185' title='bbox 791 2252 851 2314; x_wconf 90' lang='lat' dir='ltr'><strong>hac</strong></span> <span class='ocrx_word' id='word_1_186' title='bbox 871 2275 967 2316; x_wconf 85' lang='lat' dir='ltr'><strong>causa</strong></span> <span class='ocrx_word' id='word_1_187' title='bbox 987 2252 1177 2312; x_wconf 88' lang='lat' dir='ltr'><strong>coniectura</strong></span> <span class='ocrx_word' id='word_1_188' title='bbox 1194 2250 1278 2310; x_wconf 89' lang='lat' dir='ltr'><strong>nihil</strong></span> <span class='ocrx_word' id='word_1_189' title='bbox 1298 2263 1349 2326; x_wconf 69' lang='lat' dir='ltr'><strong>opu</strong></span> 
     </span>
     <span class='ocr_line' id='line_1_24' title="bbox 137 2330 1354 2416; baseline -0.005 -19"><span class='ocrx_word' id='word_1_190' title='bbox 137 2330 141 2338; x_wconf 60' lang='grc'><em>’</em></span> <span class='ocrx_word' id='word_1_191' title='bbox 248 2366 250 2370; x_wconf 60' lang='grc'><strong>’</strong></span> <span class='ocrx_word' id='word_1_192' title='bbox 282 2345 344 2396; x_wconf 83' lang='lat' dir='ltr'><strong>est.</strong></span> <span class='ocrx_word' id='word_1_193' title='bbox 365 2335 457 2416; x_wconf 90' lang='lat' dir='ltr'><strong>ipsos</strong></span> <span class='ocrx_word' id='word_1_194' title='bbox 482 2344 571 2396; x_wconf 87' lang='lat' dir='ltr'><strong>certo</strong></span> <span class='ocrx_word' id='word_1_195' title='bbox 596 2335 664 2395; x_wconf 91' lang='lat' dir='ltr'><strong>scio</strong></span> <span class='ocrx_word' id='word_1_196' title='bbox 687 2358 751 2396; x_wconf 87' lang='lat' dir='ltr'><strong>non</strong></span> <span class='ocrx_word' id='word_1_197' title='bbox 773 2357 904 2416; x_wconf 80' lang='lat' dir='ltr'><strong>negare,</strong></span> <span class='ocrx_word' id='word_1_198' title='bbox 928 2336 968 2396; x_wconf 91' lang='lat' dir='ltr'><strong>ad</strong></span> <span class='ocrx_word' id='word_1_199' title='bbox 991 2336 1070 2395; x_wconf 88' lang='lat' dir='ltr'><strong>haec</strong></span> <span class='ocrx_word' id='word_1_200' title='bbox 1093 2335 1178 2394; x_wconf 85' lang='lat' dir='ltr'><strong>hona</strong></span> <span class='ocrx_word' id='word_1_201' title='bbox 1199 2335 1354 2416; x_wconf 78' lang='lat' dir='ltr'><strong>Chrysogo-</strong></span> 
     </span>
     <span class='ocr_line' id='line_1_25' title="bbox 280 2417 1355 2500; baseline -0.009 -22"><span class='ocrx_word' id='word_1_202' title='bbox 280 2440 356 2478; x_wconf 87' lang='lat' dir='ltr'><strong>num</strong></span> <span class='ocrx_word' id='word_1_203' title='bbox 379 2420 561 2479; x_wconf 87' lang='lat' dir='ltr'><strong>accessisse</strong></span> <span class='ocrx_word' id='word_1_204' title='bbox 582 2418 724 2500; x_wconf 89' lang='lat' dir='ltr'><strong>impulsu</strong></span> <span class='ocrx_word' id='word_1_205' title='bbox 748 2442 817 2480; x_wconf 89' lang='lat' dir='ltr'><strong>suo.</strong></span> <span class='ocrx_word' id='word_1_206' title='bbox 859 2421 896 2478; x_wconf 89' lang='lat' dir='ltr'><strong>Si</strong></span> <span class='ocrx_word' id='word_1_207' title='bbox 919 2441 1011 2492; x_wconf 91' lang='lat' dir='ltr'><strong>eum,</strong></span> <span class='ocrx_word' id='word_1_208' title='bbox 1033 2438 1040 2469; x_wconf 79' lang='lat'><strong>¹-</strong></span> <span class='ocrx_word' id='word_1_209' title='bbox 1064 2417 1097 2478; x_wconf 93' lang='lat' dir='ltr'><strong>ui</strong></span> <span class='ocrx_word' id='word_1_210' title='bbox 1119 2417 1238 2478; x_wconf 78' lang='lat' dir='ltr'><strong>indicii</strong></span> <span class='ocrx_word' id='word_1_211' title='bbox 1260 2420 1355 2497; x_wconf 83' lang='lat' dir='ltr'><strong>parter</strong></span> 
     </span>
     <span class='ocr_line' id='line_1_26' title="bbox 282 2443 1355 2584; baseline -0.009 -22"><span class='ocrx_word' id='word_1_212' title='bbox 282 2503 472 2582; x_wconf 79' lang='lat' dir='ltr'><strong>acceperit,</strong></span> <span class='ocrx_word' id='word_1_213' title='bbox 502 2503 606 2563; x_wconf 88' lang='lat' dir='ltr'><strong>oculis</strong></span> <span class='ocrx_word' id='word_1_214' title='bbox 622 2500 792 2564; x_wconf 84' lang='lat' dir='ltr'><strong>cernetis:</strong></span> <span class='ocrx_word' id='word_1_215' title='bbox 823 2502 1017 2584; x_wconf 88' lang='lat' dir='ltr'><strong>poteritisne</strong></span> <span class='ocrx_word' id='word_1_216' title='bbox 1041 2443 1190 2576; x_wconf 78' lang='lat' dir='ltr'><strong>dubitare</strong></span> <span class='ocrx_word' id='word_1_217' title='bbox 1202 2505 1222 2576; x_wconf 73' lang='lat'><strong>,&#39;</strong></span> <span class='ocrx_word' id='word_1_218' title='bbox 1235 2499 1355 2562; x_wconf 86' lang='lat' dir='ltr'><strong>iudices,</strong></span> 
     </span>
     <span class='ocr_line' id='line_1_27' title="bbox 269 2579 1354 2669; baseline -0.005 -26"><span class='ocrx_word' id='word_1_219' title='bbox 269 2585 338 2669; x_wconf 37' lang='lat' dir='ltr'><strong>,qui</strong></span> <span class='ocrx_word' id='word_1_220' title='bbox 369 2585 552 2647; x_wconf 78' lang='lat' dir='ltr'><strong>indicarit?</strong></span> <span class='ocrx_word' id='word_1_221' title='bbox 595 2586 662 2662; x_wconf 76' lang='lat' dir='ltr'><strong>Qui</strong></span> <span class='ocrx_word' id='word_1_222' title='bbox 693 2597 769 2648; x_wconf 90' lang='lat' dir='ltr'><strong>sunt</strong></span> <span class='ocrx_word' id='word_1_223' title='bbox 798 2586 899 2666; x_wconf 88' lang='lat' dir='ltr'><strong>igitur</strong></span> <span class='ocrx_word' id='word_1_224' title='bbox 932 2587 967 2646; x_wconf 89' lang='lat' dir='ltr'><strong>iu</strong></span> <span class='ocrx_word' id='word_1_225' title='bbox 995 2586 1069 2644; x_wconf 91' lang='lat' dir='ltr'><strong>istis</strong></span> <span class='ocrx_word' id='word_1_226' title='bbox 1104 2585 1223 2659; x_wconf 88' lang='lat' dir='ltr'><strong>honis,</strong></span> <span class='ocrx_word' id='word_1_227' title='bbox 1264 2579 1354 2666; x_wconf 84' lang='lat' dir='ltr'><strong>quibu</strong></span> 
     </span>
     <span class='ocr_line' id='line_1_28' title="bbox 281 2663 1357 2753; baseline -0.006 -25"><span class='ocrx_word' id='word_1_228' title='bbox 281 2677 408 2750; x_wconf 74' lang='lat' dir='ltr'><strong>partem</strong></span> <span class='ocrx_word' id='word_1_229' title='bbox 431 2663 667 2753; x_wconf 85' lang='lat' dir='ltr'><strong>Chrysogonus</strong></span> <span class='ocrx_word' id='word_1_230' title='bbox 690 2671 844 2730; x_wconf 73' lang='lat' dir='ltr'><strong>dederit?</strong></span> <span class='ocrx_word' id='word_1_231' title='bbox 877 2671 942 2729; x_wconf 91' lang='lat' dir='ltr'><strong>duo</strong></span> <span class='ocrx_word' id='word_1_232' title='bbox 964 2664 1102 2728; x_wconf 78' lang='lat' dir='ltr'><strong>Roscii.&#39;</strong></span> <span class='ocrx_word' id='word_1_233' title='bbox 1132 2667 1216 2728; x_wconf 86' lang='lat' dir='ltr'><strong>Num</strong></span> <span class='ocrx_word' id='word_1_234' title='bbox 1240 2667 1357 2751; x_wconf 77' lang='lat' dir='ltr'><strong>quisnam</strong></span> 
     </span>
     <span class='ocr_line' id='line_1_29' title="bbox 265 2748 1356 2833; baseline -0.002 -22"><span class='ocrx_word' id='word_1_235' title='bbox 265 2754 481 2833; x_wconf 72' lang='lat' dir='ltr'><strong>praeterea?</strong></span> <span class='ocrx_word' id='word_1_236' title='bbox 515 2776 608 2814; x_wconf 90' lang='lat' dir='ltr'><strong>nemo</strong></span> <span class='ocrx_word' id='word_1_237' title='bbox 644 2761 713 2826; x_wconf 85' lang='lat' dir='ltr'><strong>est,</strong></span> <span class='ocrx_word' id='word_1_238' title='bbox 749 2754 888 2814; x_wconf 88' lang='lat' dir='ltr'><strong>iudices.</strong></span> <span class='ocrx_word' id='word_1_239' title='bbox 932 2751 1014 2811; x_wconf 84' lang='lat' dir='ltr'><strong>N&#39;um</strong></span> <span class='ocrx_word' id='word_1_240' title='bbox 1045 2772 1121 2830; x_wconf 88' lang='lat' dir='ltr'><strong>ergo</strong></span> <span class='ocrx_word' id='word_1_241' title='bbox 1152 2752 1284 2812; x_wconf 91' lang='lat' dir='ltr'><strong>dubium</strong></span> <span class='ocrx_word' id='word_1_242' title='bbox 1311 2748 1356 2809; x_wconf 64' lang='lat' dir='ltr'><strong>esta</strong></span> 
     </span>
     <span class='ocr_line' id='line_1_30' title="bbox 266 2832 1357 2918; baseline -0.004 -24"><span class='ocrx_word' id='word_1_243' title='bbox 266 2847 273 2856; x_wconf 81' lang='grc'><strong><em>”</em></strong></span> <span class='ocrx_word' id='word_1_244' title='bbox 284 2835 364 2918; x_wconf 90' lang='lat' dir='ltr'><strong>quin</strong></span> <span class='ocrx_word' id='word_1_245' title='bbox 384 2835 409 2895; x_wconf 93' lang='lat' dir='ltr'><strong>ii</strong></span> <span class='ocrx_word' id='word_1_246' title='bbox 432 2836 612 2897; x_wconf 78' lang='lat' dir='ltr'><strong>obtulerint</strong></span> <span class='ocrx_word' id='word_1_247' title='bbox 635 2836 718 2897; x_wconf 87' lang='lat' dir='ltr'><strong>hanc</strong></span> <span class='ocrx_word' id='word_1_248' title='bbox 740 2838 893 2918; x_wconf 89' lang='lat' dir='ltr'><strong>praedam</strong></span> <span class='ocrx_word' id='word_1_249' title='bbox 916 2833 1153 2918; x_wconf 86' lang='lat' dir='ltr'><strong>Chrysogono,</strong></span> <span class='ocrx_word' id='word_1_250' title='bbox 1188 2837 1244 2918; x_wconf 88' lang='lat' dir='ltr'><strong>qui</strong></span> <span class='ocrx_word' id='word_1_251' title='bbox 1275 2832 1357 2902; x_wconf 72' lang='lat' dir='ltr'><strong>ahet</strong></span> 
     </span>
     <span class='ocr_line' id='line_1_31' title="bbox 154 2915 1357 3004; baseline -0.004 -25"><span class='ocrx_word' id='word_1_252' title='bbox 154 2936 156 2939; x_wconf 85' lang='grc'><strong>’</strong></span> <span class='ocrx_word' id='word_1_253' title='bbox 217 2915 408 2999; x_wconf 67' lang='lat' dir='ltr'><strong>gogpartem</strong></span> <span class='ocrx_word' id='word_1_254' title='bbox 429 2921 569 3000; x_wconf 89' lang='lat' dir='ltr'><strong>praedae</strong></span> <span class='ocrx_word' id='word_1_255' title='bbox 592 2921 765 2996; x_wconf 78' lang='lat' dir='ltr'><strong>tulerunt?</strong></span> <span class='ocrx_word' id='word_1_256' title='bbox 809 2921 879 3000; x_wconf 83' lang='lat' dir='ltr'><strong>Age</strong></span> <span class='ocrx_word' id='word_1_257' title='bbox 902 2939 1011 2992; x_wconf 89' lang='lat' dir='ltr'><strong>nunc,</strong></span> <span class='ocrx_word' id='word_1_258' title='bbox 1046 2941 1086 2978; x_wconf 87' lang='lat' dir='ltr'><strong>ex</strong></span> <span class='ocrx_word' id='word_1_259' title='bbox 1114 2918 1218 2998; x_wconf 86' lang='lat' dir='ltr'><strong>ipsius</strong></span> <span class='ocrx_word' id='word_1_260' title='bbox 1243 2917 1357 3004; x_wconf 62' lang='lat' dir='ltr'><strong>Chrysu-</strong></span> 
     </span>
     <span class='ocr_line' id='line_1_32' title="bbox 284 2995 1358 3083; baseline -0.01 -19"><span class='ocrx_word' id='word_1_261' title='bbox 284 3002 362 3083; x_wconf 90' lang='lat' dir='ltr'><strong>goni</strong></span> <span class='ocrx_word' id='word_1_262' title='bbox 382 3003 505 3064; x_wconf 89' lang='lat' dir='ltr'><strong>iudicio</strong></span> <span class='ocrx_word' id='word_1_263' title='bbox 527 3003 720 3076; x_wconf 77' lang='lat' dir='ltr'><strong>Rosciorum</strong></span> <span class='ocrx_word' id='word_1_264' title='bbox 742 3005 862 3064; x_wconf 85' lang='lat' dir='ltr'><strong>sactum</strong></span> <span class='ocrx_word' id='word_1_265' title='bbox 886 3002 1138 3064; x_wconf 86' lang='lat' dir='ltr'><strong>consideremus.</strong></span> <span class='ocrx_word' id='word_1_266' title='bbox 1182 3002 1225 3076; x_wconf 86' lang='lat' dir='ltr'><strong>Si</strong></span> <span class='ocrx_word' id='word_1_267' title='bbox 1247 2995 1321 3062; x_wconf 89' lang='lat' dir='ltr'><strong>nihil</strong></span> <span class='ocrx_word' id='word_1_268' title='bbox 1336 3010 1358 3049; x_wconf 85' lang='lat'><strong>11¹</strong></span> 
     </span>
    </p>

    <p class='ocr_par' dir='ltr' id='par_1_4' title="bbox 338 3185 1110 3256">
     <span class='ocr_line' id='line_1_33' title="bbox 338 3185 1110 3256; baseline 0 -18"><span class='ocrx_word' id='word_1_269' title='bbox 338 3185 368 3254; x_wconf 83' lang='lat' dir='ltr'><strong>l)</strong></span> <span class='ocrx_word' id='word_1_270' title='bbox 385 3186 455 3238; x_wconf 90' lang='lat' dir='ltr'><strong>hanc</strong></span> <span class='ocrx_word' id='word_1_271' title='bbox 477 3187 591 3256; x_wconf 75' lang='lat' dir='ltr'><strong>putetIs.</strong></span> <span class='ocrx_word' id='word_1_272' title='bbox 1106 3211 1110 3220; x_wconf 79' lang='grc'><em>·</em></span> 
     </span>
    </p>
   </div>
   <div class='ocr_carea' id='block_1_4' title="bbox 232 3309 619 3326">
    <p class='ocr_par' dir='ltr' id='par_1_5' title="bbox 232 3309 619 3326">
     <span class='ocr_line' id='line_1_34' title="bbox 232 3309 619 3326; baseline 0 -4"><span class='ocrx_word' id='word_1_273' title='bbox 232 3319 238 3326; x_wconf 90' lang='grc'><em>,</em></span> <span class='ocrx_word' id='word_1_274' title='bbox 293 3309 619 3324; x_wconf 42' lang='lat' dir='ltr'><strong>h———n</strong></span> 
     </span>
    </p>
   </div>
   <div class='ocr_carea' id='block_1_5' title="bbox 280 3363 1359 3734">
    <p class='ocr_par' dir='ltr' id='par_1_6' title="bbox 280 3363 1359 3734">
     <span class='ocr_line' id='line_1_35' title="bbox 336 3363 1358 3450; baseline 0.004 -22"><span class='ocrx_word' id='word_1_275' title='bbox 336 3395 354 3428; x_wconf 81' lang='lat' dir='ltr'><strong>a</strong></span> <span class='ocrx_word' id='word_1_276' title='bbox 371 3379 447 3430; x_wconf 77' lang='lat' dir='ltr'><strong>nobis</strong></span> <span class='ocrx_word' id='word_1_277' title='bbox 464 3397 489 3432; x_wconf 84' lang='lat' dir='ltr'><strong>v.</strong></span> <span class='ocrx_word' id='word_1_278' title='bbox 506 3399 590 3449; x_wconf 82' lang='lat' dir='ltr'><strong>supra</strong></span> <span class='ocrx_word' id='word_1_279' title='bbox 607 3383 629 3450; x_wconf 67' lang='grc' dir='ltr'><strong>ξ.</strong></span> <span class='ocrx_word' id='word_1_280' title='bbox 645 3369 703 3442; x_wconf 60' lang='grc'><strong>’885</strong></span> <span class='ocrx_word' id='word_1_281' title='bbox 723 3379 868 3446; x_wconf 78' lang='lat' dir='ltr'><strong>addelnv.</strong></span> <span class='ocrx_word' id='word_1_282' title='bbox 883 3377 901 3430; x_wconf 92' lang='lat' dir='ltr'>I</span> <span class='ocrx_word' id='word_1_283' title='bbox 916 3377 967 3440; x_wconf 72' lang='grc'><strong>48,</strong></span> <span class='ocrx_word' id='word_1_284' title='bbox 987 3377 1042 3430; x_wconf 79' lang='grc' dir='ltr'><strong>9οι</strong></span> <span class='ocrx_word' id='word_1_285' title='bbox 1080 3377 1222 3432; x_wconf 80' lang='lat' dir='ltr'><strong>Commune</strong></span> <span class='ocrx_word' id='word_1_286' title='bbox 1237 3385 1289 3432; x_wconf 71' lang='lat' dir='ltr'><strong>eat,</strong></span> <span class='ocrx_word' id='word_1_287' title='bbox 1306 3363 1358 3439; x_wconf 57' lang='lat' dir='ltr'><strong>tull</strong></span> 
     </span>
     <span class='ocr_line' id='line_1_36' title="bbox 280 3437 1358 3521; baseline -0.009 -21"><span class='ocrx_word' id='word_1_288' title='bbox 280 3449 369 3500; x_wconf 80' lang='lat' dir='ltr'><strong>nihilo</strong></span> <span class='ocrx_word' id='word_1_289' title='bbox 394 3452 478 3521; x_wconf 69' lang='lat' dir='ltr'><strong>magis</strong></span> <span class='ocrx_word' id='word_1_290' title='bbox 504 3454 538 3502; x_wconf 83' lang='lat' dir='ltr'><strong>ab</strong></span> <span class='ocrx_word' id='word_1_291' title='bbox 561 3452 744 3510; x_wconf 82' lang='lat' dir='ltr'><strong>adversariis,</strong></span> <span class='ocrx_word' id='word_1_292' title='bbox 778 3470 856 3518; x_wconf 67' lang='lat' dir='ltr'><strong>queam</strong></span> <span class='ocrx_word' id='word_1_293' title='bbox 876 3469 893 3500; x_wconf 88' lang='lat' dir='ltr'><strong>a</strong></span> <span class='ocrx_word' id='word_1_294' title='bbox 916 3452 992 3500; x_wconf 81' lang='lat' dir='ltr'><strong>nohis</strong></span> <span class='ocrx_word' id='word_1_295' title='bbox 1017 3450 1096 3518; x_wconf 70' lang='lat' dir='ltr'><strong>facit.</strong></span> <span class='ocrx_word' id='word_1_296' title='bbox 1142 3450 1258 3502; x_wconf 84' lang='lat' dir='ltr'><strong>Rhetor.</strong></span> <span class='ocrx_word' id='word_1_297' title='bbox 1275 3446 1304 3495; x_wconf 90' lang='lat' dir='ltr'><strong>ll</strong></span> <span class='ocrx_word' id='word_1_298' title='bbox 1319 3437 1358 3491; x_wconf 68' lang='lat' dir='ltr'><strong>tl:</strong></span> 
     </span>
     <span class='ocr_line' id='line_1_37' title="bbox 286 3517 1359 3591; baseline -0.005 -21"><span class='ocrx_word' id='word_1_299' title='bbox 286 3519 366 3582; x_wconf 85' lang='lat' dir='ltr'><strong>Quod</strong></span> <span class='ocrx_word' id='word_1_300' title='bbox 380 3541 460 3590; x_wconf 81' lang='lat' dir='ltr'><strong>saepe</strong></span> <span class='ocrx_word' id='word_1_301' title='bbox 477 3524 597 3573; x_wconf 81' lang='lat' dir='ltr'><strong>consulto</strong></span> <span class='ocrx_word' id='word_1_302' title='bbox 616 3525 692 3574; x_wconf 84' lang='lat' dir='ltr'><strong>multi</strong></span> <span class='ocrx_word' id='word_1_303' title='bbox 710 3525 804 3574; x_wconf 79' lang='lat' dir='ltr'><strong>abrec</strong></span> <span class='ocrx_word' id='word_1_304' title='bbox 820 3521 933 3590; x_wconf 67' lang='lat' dir='ltr'><strong>facium.</strong></span> <span class='ocrx_word' id='word_1_305' title='bbox 973 3521 1053 3572; x_wconf 83' lang='lat' dir='ltr'><strong>Orat.</strong></span> <span class='ocrx_word' id='word_1_306' title='bbox 1072 3521 1097 3572; x_wconf 91' lang='lat'><strong>1.</strong></span> <span class='ocrx_word' id='word_1_307' title='bbox 1115 3523 1137 3588; x_wconf 83' lang='lat'><strong>§.</strong></span> <span class='ocrx_word' id='word_1_308' title='bbox 1159 3521 1214 3572; x_wconf 66' lang='grc' dir='ltr'><strong>ὅδὲ</strong></span> <span class='ocrx_word' id='word_1_309' title='bbox 1248 3517 1318 3570; x_wconf 74' lang='lat' dir='ltr'><strong>uide.</strong></span> <span class='ocrx_word' id='word_1_310' title='bbox 1338 3523 1359 3591; x_wconf 40' lang='grc' dir='ltr'><strong>ΙΝ(</strong></span> 
     </span>
     <span class='ocr_line' id='line_1_38' title="bbox 283 3583 1359 3660; baseline -0.002 -20"><span class='ocrx_word' id='word_1_311' title='bbox 283 3590 332 3640; x_wconf 75' lang='lat' dir='ltr'><strong>hoe</strong></span> <span class='ocrx_word' id='word_1_312' title='bbox 347 3600 448 3650; x_wconf 82' lang='lat' dir='ltr'><strong>totum,</strong></span> <span class='ocrx_word' id='word_1_313' title='bbox 467 3595 505 3647; x_wconf 82' lang='lat' dir='ltr'><strong>sit</strong></span> <span class='ocrx_word' id='word_1_314' title='bbox 518 3612 535 3643; x_wconf 82' lang='lat' dir='ltr'><strong>a</strong></span> <span class='ocrx_word' id='word_1_315' title='bbox 550 3613 597 3646; x_wconf 87' lang='lat' dir='ltr'><strong>me.</strong></span> <span class='ocrx_word' id='word_1_316' title='bbox 633 3596 741 3646; x_wconf 83' lang='lat' dir='ltr'><strong>Eodem</strong></span> <span class='ocrx_word' id='word_1_317' title='bbox 760 3611 840 3644; x_wconf 87' lang='lat' dir='ltr'><strong>sensu</strong></span> <span class='ocrx_word' id='word_1_318' title='bbox 859 3593 964 3660; x_wconf 89' lang='lat' dir='ltr'><strong>legitur</strong></span> <span class='ocrx_word' id='word_1_319' title='bbox 983 3611 1040 3642; x_wconf 87' lang='lat' dir='ltr'><strong>cum</strong></span> <span class='ocrx_word' id='word_1_320' title='bbox 1051 3593 1080 3642; x_wconf 90' lang='lat' dir='ltr'><strong>in</strong></span> <span class='ocrx_word' id='word_1_321' title='bbox 1094 3592 1180 3644; x_wconf 82' lang='lat' dir='ltr'><strong>Verr.</strong></span> <span class='ocrx_word' id='word_1_322' title='bbox 1197 3591 1282 3642; x_wconf 73' lang='lat'><strong>141:</strong></span> <span class='ocrx_word' id='word_1_323' title='bbox 1298 3583 1359 3653; x_wconf 66' lang='lat' dir='ltr'><strong>saw·</strong></span> 
     </span>
     <span class='ocr_line' id='line_1_39' title="bbox 284 3661 976 3734; baseline 0.003 -24"><span class='ocrx_word' id='word_1_324' title='bbox 284 3661 349 3711; x_wconf 83' lang='lat' dir='ltr'><strong>bant</strong></span> <span class='ocrx_word' id='word_1_325' title='bbox 367 3666 454 3712; x_wconf 85' lang='lat' dir='ltr'><strong>omniu</strong></span> <span class='ocrx_word' id='word_1_326' title='bbox 468 3683 525 3713; x_wconf 88' lang='lat' dir='ltr'><strong>cum</strong></span> <span class='ocrx_word' id='word_1_327' title='bbox 534 3666 644 3732; x_wconf 78' lang='lat' dir='ltr'><strong>puella,</strong></span> <span class='ocrx_word' id='word_1_328' title='bbox 670 3665 759 3734; x_wconf 78' lang='lat' dir='ltr'><strong>leqes,</strong></span> <span class='ocrx_word' id='word_1_329' title='bbox 785 3666 908 3729; x_wconf 81' lang='lat' dir='ltr'><strong>aequitas</strong></span> <span class='ocrx_word' id='word_1_330' title='bbox 926 3670 976 3712; x_wconf 82' lang='lat' dir='ltr'><strong>cte.</strong></span> 
     </span>
    </p>
   </div>
   <div class='ocr_carea' id='block_1_6' title="bbox 336 3696 1359 3816">
    <p class='ocr_par' dir='ltr' id='par_1_7' title="bbox 336 3696 1359 3816">
     <span class='ocr_line' id='line_1_40' title="bbox 336 3696 1359 3816; baseline -0.004 -32"><span class='ocrx_word' id='word_1_331' title='bbox 336 3732 493 3784; x_wconf 82' lang='lat' dir='ltr'><strong>XXXVII.</strong></span> <span class='ocrx_word' id='word_1_332' title='bbox 531 3733 643 3804; x_wconf 52' lang='grc' dir='ltr'><strong>ι8,.106.</strong></span> <span class='ocrx_word' id='word_1_333' title='bbox 671 3737 845 3803; x_wconf 78' lang='lat' dir='ltr'><strong>suspicionem</strong></span> <span class='ocrx_word' id='word_1_334' title='bbox 864 3734 923 3784; x_wconf 73' lang='lat' dir='ltr'><strong>hoe.</strong></span> <span class='ocrx_word' id='word_1_335' title='bbox 961 3733 1009 3789; x_wconf 80' lang='lat' dir='ltr'><strong>Sic</strong></span> <span class='ocrx_word' id='word_1_336' title='bbox 1028 3732 1110 3816; x_wconf 70' lang='lat' dir='ltr'><strong>l‘arr.</strong></span> <span class='ocrx_word' id='word_1_337' title='bbox 1125 3696 1155 3782; x_wconf 82' lang='lat' dir='ltr'><strong>¹l.</strong></span> <span class='ocrx_word' id='word_1_338' title='bbox 1171 3729 1203 3782; x_wconf 70' lang='grc'><strong>4.</strong></span> <span class='ocrx_word' id='word_1_339' title='bbox 1219 3702 1286 3782; x_wconf 33' lang='grc'>8.,9.</span> <span class='ocrx_word' id='word_1_340' title='bbox 1304 3717 1359 3772; x_wconf 69' lang='lat'>05¹·</span> 
     </span>
    </p>
   </div>
   <div class='ocr_carea' id='block_1_7' title="bbox 246 3801 1359 4509">
    <p class='ocr_par' dir='ltr' id='par_1_8' title="bbox 282 3801 1359 4157">
     <span class='ocr_line' id='line_1_41' title="bbox 284 3801 1243 3890; baseline 0 -36"><span class='ocrx_word' id='word_1_341' title='bbox 284 3801 347 3886; x_wconf 59' lang='lat' dir='ltr'><strong>edd:</strong></span> <span class='ocrx_word' id='word_1_342' title='bbox 365 3803 445 3855; x_wconf 84' lang='lat' dir='ltr'><strong>Rom.</strong></span> <span class='ocrx_word' id='word_1_343' title='bbox 461 3807 533 3857; x_wconf 87' lang='lat' dir='ltr'><strong>Ven.</strong></span> <span class='ocrx_word' id='word_1_344' title='bbox 553 3806 641 3889; x_wconf 74' lang='lat' dir='ltr'><strong>llerv.</strong></span> <span class='ocrx_word' id='word_1_345' title='bbox 658 3823 711 3873; x_wconf 90' lang='lat' dir='ltr'><strong>pro</strong></span> <span class='ocrx_word' id='word_1_346' title='bbox 727 3808 840 3873; x_wconf 85' lang='lat' dir='ltr'><strong>vulgato</strong></span> <span class='ocrx_word' id='word_1_347' title='bbox 857 3805 935 3880; x_wconf 77' lang='lat' dir='ltr'><strong>laerte.</strong></span> <span class='ocrx_word' id='word_1_348' title='bbox 1017 3875 1023 3890; x_wconf 42' lang='lat'>¹</span> <span class='ocrx_word' id='word_1_349' title='bbox 1237 3871 1243 3886; x_wconf 35' lang='grc' dir='ltr'>ι</span> 
     </span>
     <span class='ocr_line' id='line_1_42' title="bbox 283 3873 1359 4016; baseline -0.013 -23"><span class='ocrx_word' id='word_1_350' title='bbox 283 3873 780 4016; x_wconf 64' lang='lat' dir='ltr'><strong>ot&#39;t‘tti&#39;t’st&#39;.‘..¹¹3,¹.¹..⁸.¹2{</strong></span> <span class='ocrx_word' id='word_1_351' title='bbox 798 3883 913 3998; x_wconf 66' lang='lat' dir='ltr'><strong>ttt’</strong></span> <span class='ocrx_word' id='word_1_352' title='bbox 930 3873 1359 4015; x_wconf 54' lang='lat' dir='ltr'><strong>titt?ttsstdt-“tfttat</strong></span> 
     </span>
     <span class='ocr_line' id='line_1_43' title="bbox 282 4014 1358 4157; baseline -0.002 -23"><span class='ocrx_word' id='word_1_353' title='bbox 282 4031 310 4068; x_wconf 44' lang='lat' dir='ltr'><strong>v·</strong></span> <span class='ocrx_word' id='word_1_354' title='bbox 325 4014 447 4153; x_wconf 52' lang='lat' dir='ltr'><strong>l{bllOlI</strong></span> <span class='ocrx_word' id='word_1_355' title='bbox 462 4017 674 4156; x_wconf 58' lang='lat' dir='ltr'><strong>iisdirir&#39;partem</strong></span> <span class='ocrx_word' id='word_1_356' title='bbox 692 4086 711 4138; x_wconf 89' lang='lat' dir='ltr'><strong>i.</strong></span> <span class='ocrx_word' id='word_1_357' title='bbox 722 4104 745 4138; x_wconf 92' lang='lat' dir='ltr'><strong>e.</strong></span> <span class='ocrx_word' id='word_1_358' title='bbox 759 4103 811 4154; x_wconf 89' lang='lat' dir='ltr'><strong>pro</strong></span> <span class='ocrx_word' id='word_1_359' title='bbox 824 4087 928 4138; x_wconf 87' lang='lat' dir='ltr'><strong>indicio</strong></span> <span class='ocrx_word' id='word_1_360' title='bbox 941 4093 1049 4157; x_wconf 82' lang='lat' dir='ltr'><strong>partem</strong></span> <span class='ocrx_word' id='word_1_361' title='bbox 1059 4085 1205 4142; x_wconf 80' lang='lat' dir='ltr'><strong>honorum,</strong></span> <span class='ocrx_word' id='word_1_362' title='bbox 1223 4079 1279 4133; x_wconf 74' lang='lat' dir='ltr'><strong>rel:</strong></span> <span class='ocrx_word' id='word_1_363' title='bbox 1295 4075 1358 4154; x_wconf 51' lang='lat' dir='ltr'><strong>litut</strong></span> 
     </span>
    </p>

    <p class='ocr_par' dir='ltr' id='par_1_9' title="bbox 246 4147 1358 4509">
     <span class='ocr_line' id='line_1_44' title="bbox 246 4147 1358 4226; baseline -0.013 -19"><span class='ocrx_word' id='word_1_364' title='bbox 246 4162 249 4170; x_wconf 81' lang='grc'><strong>’</strong></span> <span class='ocrx_word' id='word_1_365' title='bbox 281 4174 342 4207; x_wconf 89' lang='lat' dir='ltr'><strong>rum</strong></span> <span class='ocrx_word' id='word_1_366' title='bbox 357 4156 540 4208; x_wconf 87' lang='lat' dir='ltr'><strong>iudicatorum</strong></span> <span class='ocrx_word' id='word_1_367' title='bbox 557 4163 674 4226; x_wconf 81' lang='lat' dir='ltr'><strong>purtem,</strong></span> <span class='ocrx_word' id='word_1_368' title='bbox 694 4163 725 4207; x_wconf 91' lang='lat' dir='ltr'><strong>ut</strong></span> <span class='ocrx_word' id='word_1_369' title='bbox 743 4157 815 4225; x_wconf 81' lang='lat' dir='ltr'><strong>expl.</strong></span> <span class='ocrx_word' id='word_1_370' title='bbox 834 4157 1019 4210; x_wconf 82' lang='lat' dir='ltr'><strong>Facciolatus.</strong></span> <span class='ocrx_word' id='word_1_371' title='bbox 1054 4155 1242 4206; x_wconf 85' lang='lat' dir='ltr'><strong>Hotomannus</strong></span> <span class='ocrx_word' id='word_1_372' title='bbox 1259 4147 1358 4200; x_wconf 68' lang='lat' dir='ltr'><strong>ludium·</strong></span> 
     </span>
     <span class='ocr_line' id='line_1_45' title="bbox 282 4225 1358 4298; baseline -0.002 -22"><span class='ocrx_word' id='word_1_373' title='bbox 282 4245 336 4297; x_wconf 93' lang='lat' dir='ltr'><strong>pro</strong></span> <span class='ocrx_word' id='word_1_374' title='bbox 354 4226 448 4276; x_wconf 84' lang='lat' dir='ltr'><strong>indicii</strong></span> <span class='ocrx_word' id='word_1_375' title='bbox 456 4231 574 4296; x_wconf 77' lang='lat' dir='ltr'><strong>proemio</strong></span> <span class='ocrx_word' id='word_1_376' title='bbox 584 4230 704 4296; x_wconf 89' lang='lat' dir='ltr'><strong>positum</strong></span> <span class='ocrx_word' id='word_1_377' title='bbox 715 4234 818 4286; x_wconf 88' lang='lat' dir='ltr'><strong>censet,</strong></span> <span class='ocrx_word' id='word_1_378' title='bbox 839 4246 917 4295; x_wconf 82' lang='lat' dir='ltr'><strong>quem</strong></span> <span class='ocrx_word' id='word_1_379' title='bbox 926 4229 1051 4298; x_wconf 87' lang='lat' dir='ltr'><strong>sequitur</strong></span> <span class='ocrx_word' id='word_1_380' title='bbox 1062 4227 1129 4278; x_wconf 85' lang='lat' dir='ltr'><strong>Ern.</strong></span> <span class='ocrx_word' id='word_1_381' title='bbox 1145 4228 1174 4276; x_wconf 90' lang='lat' dir='ltr'><strong>ln</strong></span> <span class='ocrx_word' id='word_1_382' title='bbox 1190 4225 1257 4276; x_wconf 81' lang='lat' dir='ltr'><strong>clav.</strong></span> <span class='ocrx_word' id='word_1_383' title='bbox 1275 4226 1358 4291; x_wconf 52' lang='lat' dir='ltr'><strong>mli·</strong></span> 
     </span>
     <span class='ocr_line' id='line_1_46' title="bbox 282 4281 1357 4370; baseline -0.008 -20"><span class='ocrx_word' id='word_1_384' title='bbox 282 4315 347 4350; x_wconf 82' lang='lat' dir='ltr'><strong>rans</strong></span> <span class='ocrx_word' id='word_1_385' title='bbox 362 4299 391 4348; x_wconf 89' lang='lat' dir='ltr'><strong>in</strong></span> <span class='ocrx_word' id='word_1_386' title='bbox 407 4298 499 4350; x_wconf 88' lang='lat' dir='ltr'><strong>Vatin.</strong></span> <span class='ocrx_word' id='word_1_387' title='bbox 519 4299 571 4350; x_wconf 84' lang='lat' dir='ltr'><strong>ll:</strong></span> <span class='ocrx_word' id='word_1_388' title='bbox 595 4299 810 4368; x_wconf 64' lang='lat' dir='ltr'><strong>promulgarint</strong></span> <span class='ocrx_word' id='word_1_389' title='bbox 828 4327 858 4336; x_wconf 81' lang='lat'>—</span> <span class='ocrx_word' id='word_1_390' title='bbox 874 4299 1000 4350; x_wconf 79' lang='lat' dir='ltr'><strong>indicium</strong></span> <span class='ocrx_word' id='word_1_391' title='bbox 1019 4298 1125 4356; x_wconf 82' lang='lat' dir='ltr'><strong>Vettio,</strong></span> <span class='ocrx_word' id='word_1_392' title='bbox 1142 4295 1260 4370; x_wconf 79' lang='lat' dir='ltr'><strong>praemia</strong></span> <span class='ocrx_word' id='word_1_393' title='bbox 1275 4281 1357 4360; x_wconf 42' lang='lat' dir='ltr'><strong>ought·</strong></span> 
     </span>
     <span class='ocr_line' id='line_1_47' title="bbox 281 4349 1357 4440; baseline -0.001 -22"><span class='ocrx_word' id='word_1_394' title='bbox 281 4369 370 4420; x_wconf 78' lang='lat' dir='ltr'><strong>sima?</strong></span> <span class='ocrx_word' id='word_1_395' title='bbox 413 4369 455 4420; x_wconf 83' lang='lat' dir='ltr'><strong>At</strong></span> <span class='ocrx_word' id='word_1_396' title='bbox 471 4367 510 4419; x_wconf 90' lang='lat' dir='ltr'><strong>ihi</strong></span> <span class='ocrx_word' id='word_1_397' title='bbox 527 4370 607 4421; x_wconf 86' lang='lat' dir='ltr'><strong>codd.</strong></span> <span class='ocrx_word' id='word_1_398' title='bbox 625 4371 710 4422; x_wconf 76' lang='lat' dir='ltr'><strong>indict</strong></span> <span class='ocrx_word' id='word_1_399' title='bbox 726 4368 880 4440; x_wconf 82' lang='lat' dir='ltr'><strong>praebent;</strong></span> <span class='ocrx_word' id='word_1_400' title='bbox 908 4387 933 4422; x_wconf 86' lang='lat' dir='ltr'><strong>v.</strong></span> <span class='ocrx_word' id='word_1_401' title='bbox 953 4369 1023 4423; x_wconf 85' lang='lat' dir='ltr'><strong>Gar.</strong></span> <span class='ocrx_word' id='word_1_402' title='bbox 1039 4369 1075 4418; x_wconf 88' lang='lat' dir='ltr'><strong>ad</strong></span> <span class='ocrx_word' id='word_1_403' title='bbox 1091 4387 1113 4420; x_wconf 87' lang='lat' dir='ltr'><strong>e.</strong></span> <span class='ocrx_word' id='word_1_404' title='bbox 1131 4367 1150 4422; x_wconf 97' lang='lat' dir='ltr'><strong>l.</strong></span> <span class='ocrx_word' id='word_1_405' title='bbox 1166 4385 1193 4438; x_wconf 81' lang='lat' dir='ltr'><strong>p.</strong></span> <span class='ocrx_word' id='word_1_406' title='bbox 1211 4361 1267 4419; x_wconf 58' lang='lat' dir='ltr'><strong>lllss</strong></span> <span class='ocrx_word' id='word_1_407' title='bbox 1278 4349 1357 4405; x_wconf 60' lang='lat'><strong>-940</strong></span> 
     </span>
     <span class='ocr_line' id='line_1_48' title="bbox 272 4439 1053 4509; baseline 0.001 -18"><span class='ocrx_word' id='word_1_408' title='bbox 272 4445 311 4491; x_wconf 86' lang='lat' dir='ltr'><strong>·et</strong></span> <span class='ocrx_word' id='word_1_409' title='bbox 327 4439 401 4490; x_wconf 78' lang='lat' dir='ltr'><strong>infra</strong></span> <span class='ocrx_word' id='word_1_410' title='bbox 415 4441 438 4509; x_wconf 60' lang='grc' dir='ltr'><strong>ᾗ.</strong></span> <span class='ocrx_word' id='word_1_411' title='bbox 456 4439 523 4492; x_wconf 78' lang='lat'><strong>110.</strong></span> <span class='ocrx_word' id='word_1_412' title='bbox 1050 4452 1053 4456; x_wconf 85' lang='lat'>&#39;</span> 
     </span>
    </p>
   </div>
   <div class='ocr_carea' id='block_1_8' title="bbox 0 0 1433 5024">
    <p class='ocr_par' dir='ltr' id='par_1_10' title="bbox 0 0 1433 5024">
     <span class='ocr_line' id='line_1_49' title="bbox 0 0 1433 5024; baseline 0 0"><span class='ocrx_word' id='word_1_413' title='bbox 0 0 1433 5024; x_wconf 95' lang='lat' dir='ltr'><strong> </strong></span> 
     </span>
    </p>
   </div>
  </div>
 </body>
</html>
