2766 5026
158 346 163 374 ¹
249 358 335 442 304
438 365 444 384 =
632 307 1057 414 onnrro*

247 549 323 591 nem
350 518 480 602 occidi,
510 524 570 588 sod
602 545 675 588 esse
705 547 777 588 enm
798 525 867 588 telo
890 525 1029 588 bominis
1052 528 1223 591 occidendi
1242 551 1317 590 cansa

247 619 357 682 vetata
389 618 446 684 ut,
473 631 545 670 eum
572 631 684 682 eausa,
716 631 782 668 non
812 609 915 671 telum
941 620 1175 695 quaereretur,
1206 614 1256 696 qui
1282 614 1318 673 sni

249 691 449 757 descindendi
470 713 568 755 cansa
588 693 656 753 telo
680 701 770 752 esset
790 714 890 768 usus,
921 714 987 753 non
1008 694 1148 755 bominis
1172 696 1319 756 occidendi

250 799 348 839 causa
369 776 522 836 babuisse
542 776 644 836 telum
660 774 871 838 iudicaretur.
914 777 1123 858 Quapropter
1140 777 1204 839 boc
1219 785 1319 838 maneat

249 861 284 922 in
307 883 421 933 eausa,
445 859 586 920 indices.
608 879 674 919 non
696 859 780 920 enim
803 859 937 932 dubito,
966 862 1045 942 quin
1065 859 1258 941 probaturus
1278 861 1320 920 sin

248 944 342 1007 vobis
358 943 581 1010 defensionem
594 964 715 1016 meam,
738 943 767 1002 si
781 943 818 1003 id
834 943 1065 1016 memineritis,
1087 945 1177 1028 quod
1190 942 1320 1006 'oblivisci

248 1049 314 1091 non
334 1026 497 1107 potestis,
518 1024 743 1086 insidiatorem
764 1025 835 1086 inre
857 1025 999 1086 interfici
1019 1047 1127 1108 posse.

202 1125 242 1182 12
309 1111 398 1172 liar.
431 1109 472 1169 V.
520 1109 676 1192 Sequitur
709 1108 830 1198 illud„
847 1110 935 1193 quod
974 1131 992 1168 n
1030 1108 1170 1172 Milonis
1207 1108 1319 1169 inimicis

250 1192 439 1274 saepissime
469 1191 608 1252 dieitur:
639 1191 790 1266 caedem,
834 1193 963 1276 injqua
985 1191 1023 1252 P.
1046 1192 1188 1254 Clodius
1218 1191 1320 1254 occisus

184 1337 189 1348 ,
250 1285 322 1350 est,
344 1274 696 1348 senatum'iudieasse,
731 1281 849 1337 eontra
866 1275 1099 1356 rempublicam
1121 1297 1196 1338 esse
1219 1277 1320 1335 lactan.

249 1358 346 1420 Illam
376 1379 452 1419 vero
478 1365 609 1418 senatus
631 1379 698 1418 non
720 1358 893 1418 sententiis
918 1359 985 1418 suis
1009 1359 1136 1432 solum,
1170 1360 1231 1420 sed
1252 1358 1322 1418 etian

250 1441 368 1502 studiis
392 1438 624 1522 comprobavit.
667 1440 805 1517 Quoties
829 1442 914 1501 enim
938 1448 989 1501 est
1010 1441 1070 1502 illa
1085 1463 1193 1505 eausa
1215 1465 1234 1502 a
1250 1440 1321 1500 nobis

250 1532 324 1586 aeta
354 1523 390 1584 in
418 1523 560 1584 senato?
594 1523 710 1607 qnibns
741 1524 987 1584 assensionibus
1018 1525 1165 1585 universi
1197 1521 1318 1585 ordinis!

251 1653 351 1666 η*

251 1721 422 1782 Garatonio,
450 1722 524 1790 qnod
546 1717 587 1773 ita
610 1723 651 1774 vis
673 1723 806 1774 orationis
829 1730 981 1790 angeatur,
1011 1729 1039 1774 et
1060 1723 1112 1776 boe
1131 1725 1245 1792 elegans
1264 1728 1322 1790 stqm

250 1795 346 1846 Tullio
360 1793 493 1844 usitatum
511 1791 621 1844 dicendi
640 1811 724 1860 genus
741 1794 803 1844 loeo
820 1794 944 1862 adprime
961 1795 1113 1846 conveniat.
1151 1795 1203 1846 Sic
1220 1813 1247 1862 p.
1261 1792 1324 1860 Quin

249 1865 291 1918 tio
310 1862 358 1916 19.
380 1863 405 1932 5.
423 1861 464 1914 60
483 1868 573 1914 extms
613 1863 705 1930 Neque
729 1879 884 1930 quemqnam
897 1865 1042 1914 'attinebat
1060 1866 1089 1916 id
1106 1883 1250 1922 recusare,
1275 1859 1324 1929 qnod

248 1942 359 2006 praetor
382 1933 528 2004 non-fieri,
554 1934 650 1990 sedes
666 1934 752 1985 edicto
770 1951 818 1985 sno
832 1934 894 2004 [ieri
908 1933 1026 2002 iubebat.
1064 1936 1144 1987 Orat.
1162 1937 1180 1986 1
1198 1931 1251 1993 96,
1269 1931 1324 1984 llll:

249 2005 304 2058 Est
329 2005 413 2078 igitar
438 2005 541 2056 oratori
564 2004 709 2076 diliqenter
728 2004 936 2074 providendum,
962 2024 1015 2055 non
1033 2008 1072 2056 nti
1097 2007 1156 2056 illis
1179 2003 1324 2072 catislaeiob

250 2077 345 2144 quibus
360 2083 463 2126 necesse
479 2083 536 2126 est.-
561 2074 609 2126 sed
629 2082 660 2124 nt
677 2076 712 2126 iis
726 2075 894 2126 adrnirabilis
910 2093 965 2126 esse
979 2076 1120 2134 videntur,
1147 2079 1244 2143 quibus
1264 2075 1325 2126 litere

249 2147 332 2198 liceat
343 2146 475 2218 indicare.
511 2145 660 2198 Retinetur
677 2153 713 2204 τὸ
733 2145 852 2197 modain
867 2161 965 2198 novem
980 2146 1052 2198 Poll.
1075 2145 1159 2199 Grut.
1180 2147 1265 2214 Lagg.
1279 2141 1324 2193 Eri.

201 2269 204 2274 .
249 2217 370 2272 Fabritt.
393 2216 474 2280 Rara.
498 2223 579 2285 atque
604 2218 692 2269 Barv.
716 2223 744 2270 et
765 2217 874 2286 quidem
898 2219 926 2268 in
946 2217 1085 2269 nonnullis
1107 2235 1170 2270 cnm
1192 2218 1325 2286 scriptume

250 2325 412 2397 compendio
422 2289 454 2377 rii.
490 2325 588 2394 Neque
611 2335 721 2386 tamen,
749 2328 823 2397 quod
846 2326 1079 2388 vult·Graevins,
1105 2345 1158 2386 non
1173 2327 1266 2384 modo,
1288 2335 1326 2391 ΡΝ

250 2415 304 2449 non
319 2396 393 2446 modo
407 2415 460 2448 non
479 2399 668 2466 accipiendum
689 2405 746 2460 est;
773 2399 883 2449 obstant
907 2400 976 2449 enim
1000 2416 1130 2468 expressa
1155 2398 1229 2467 legis
1253 2391 1326 2448 verbe·

249 2485 276 2520 v.
292 2468 391 2535 fragm.
408 2465 434 2518 l.
450 2468 486 2518 n.
501 2467 561 2528 48,
581 2468 600 2520 8
623 2471 652 2520 in
672 2475 738 2520 nota
762 2469 798 2519 ad
817 2469 852 2518 II
869 2467 932 2520 (lat.
951 2471 974 2538 5.
988 2468 1029 2520 7.·
1051 2470 1134 2519 Adde
1152 2469 1190 2520 l'r.
1212 2466 1256 2519 16.
1270 2466 1289 2533 5
1303 2460 1323 2511 fl·

250 2538 287 2588 l).
303 2535 361 2598 48,
382 2537 435 2589 192
470 2539 589 2590 Euentus
611 2546 759 2609 spectetur,
779 2569 811 2580 -·
839 2536 1063 2606 quamquam'lex
1086 2556 1139 2589 non
1162 2543 1323 2592 minuetum.

250 2609 297 2676 qui
321 2608 457 2659 occidendi
479 2611 592 2661 bominis
614 2628 697 2661 cansa
721 2629 778 2661 cnm
801 2610 854 2660 telo
878 2608 980 2677 suerit,
1007 2629 1085 2678 quam
1107 2627 1182 2668 eum,
1209 2603 1323 2676 pasioni·

249 2679 335 2738 derit,
359 2680 465 2748 puniat.
502 2679 597 2734 Const.
623 2681 650 2732 ⁷.
676 2679 709 2732 G.
734 2680 770 2740 9,
800 2679 856 2732 17ι
893 2680 922 2730 Is
948 2682 994 2748 qni
1018 2701 1074 2733 cnm
1095 2681 1148 2730 telo
1165 2673 1323 2732 ambulaverit

250 2749 363 2800 bominis
387 2750 523 2801 occidendi
545 2769 643 2810 cansa,
670 2753 740 2801 sicut
761 2751 800 2810 is,
828 2751 873 2818 qui
890 2752 1018 2802 bominem
1036 2751 1183 2811 occiderit,
1211 2743 1324 2814 oel'cujas

195 2861 197 2864 v
248 2819 311 2872 dolo
337 2820 408 2872 malo
427 2820 528 2890 fection
547 2823 605 2890 uerit
624 2821 801 2880 conmissum,
829 2822 896 2892 lepis
919 2821 1061 2873 Corneliae
1081 2813 1114 2872 de
1133 2820 1243 2872 sdeariis
1255 2829 1323 2887 poena

216 2955 218 2963 y
249 2900 391 2944 cometae.
427 2909 453 2948 a.
468 2892 528 2944 (lie.
542 2909 569 2962 p.
586 2892 619 2943 G.
639 2893 756 2960 Itabirio
771 2893 850 2961 perd.
867 2892 972 2945 onerer.
990 2913 1016 2963 p¹
1035 2889 1130 2944 Tullio
1147 2891 1232 2963 §.sti
1248 2902 1311 2956 seqq·

302 2980 359 3012 cnm
376 2962 438 3013 telo.
475 2963 539 3014 Teli
556 2964 743 3032 appellatione
761 2970 789 3013 et
803 2962 924 3025 ferrum,
945 2972 973 3016 et
987 2965 1084 3023 iustis,
1108 2970 1136 3015 et
1150 2963 1232 3033 lapis,
1252 2965 1275 3010 st
1290 2958 1323 3005 dc·

180 3063 182 3070 s
248 3032 340 3156 pispge4
356 3050 469 3170 ofimnste'l)
478 3035 552 3154 qpo⁷d
572 3034 690 3087 nocendi
713 3051 795 3087 cansa
817 3032 953 3095 babetur,
980 3035 1160 3104 significatur.
1207 3031 1283 3084 Gaius
1302 3027 1322 3074 it

262 3122 285 3154 r.
342 3139 348 3152 .
384 3141 389 3153 .
473 3141 479 3154 .
543 3140 551 3163 ‚
572 3105 599 3156 2.
669 3113 674 3121 '
1368 3156 1369 3159 ,

300 3190 401 3232 eausa,
420 3174 555 3226 voluntas.
576 3203 605 3212 -
627 3172 768 3232 Consta&
788 3172 821 3224 (l.
838 3173 874 3234 9,
897 3171 951 3224 16.
988 3174 1021 3224 Si
1037 3175 1096 3242 qaia
1108 3187 1283 3243 percussorem
1296 3159 1322 3213 ad

248 3261 277 3294 se
297 3243 441 3294 venientem
456 3245 549 3314 plodio
564 3245 708 3314 repulerit,
727 3262 779 3294 raon
795 3252 826 3294 nt
842 3245 974 3307 homicida
992 3253 1112 3296 tenetnr=
1138 3245 1204 3310 quia
1219 3238 1321 3306 debeo

246 3315 373 3383 propriae
392 3315 493 3366 salutis
507 3317 535 3366 in
552 3316 625 3366 nollo
642 3333 766 3384 peccasse
779 3313 894 3367 videtne.
932 3315 1071 3367 Consti:
1091 3313 1123 3365 Si
1138 3314 1321 3365 latrocinante*

151 3383 155 3390 ‘
189 3411 190 3418 κ
245 3384 398 3454 peremisti,
418 3385 525 3436 dubium
541 3405 593 3436 non
608 3394 665 3445 est,
684 3403 755 3441 enm,
774 3387 821 3452 qni
837 3385 990 3455 inserendae
1003 3386 1096 3437 ‘caedis
1112 3386 1248 3436 voluntate
1258 3391 1319 3450 prae·

175 3464 182 3470 ‘
248 3462 379 3512 cesserat,
391 3454 457 3525 J'ure
473 3474 577 3506 caesum
590 3457 685 3508 uideri.
722 3473 748 3508 v.
764 3457 838 3506 inira
854 3457 877 3524 5.
898 3456 945 3508 19.

298 3526 461 3595 probaturos
480 3555 512 3565 -
531 3525 715 3594 definsionem.
746 3545 773 3596 p.
789 3526 871 3577 Sulla
888 3525 921 3577 l:
951 3524 1052 3584 Sentio,
1070 3525 1096 3575 si
1111 3525 1161 3576 mei
1173 3522 1241 3593 faeti
1254 3511 1318 3570 ratio·

248 3615 306 3646 nem
320 3598 412 3654 vobis,
437 3593 663 3664 eorsstnntiamqn'e
679 3597 759 3667 bnjns
777 3596 854 3668 officii
871 3613 902 3648 ac
917 3595 1079 3665 defensionis
1095 3614 1166 3647 meae
1181 3594 1318 3664 probavero.

168 3694 171 3712 ι
248 3684 356 3718 eausam
372 3685 475 3734 qnoque
489 3684 527 3719 me
542 3669 575 3718 P.
593 3668 688 3719 Saliae
701 3667 884 3737 probat-nram.
991 3717 997 3729 .

300 3737 336 3788 V.
362 3739 385 3806 5.
406 3738 453 3790 tn.
491 3738 595 3789 enodem
619 3740 648 3789 in
671 3756 733 3805 qna.
769 3738 1006 3806 Praepositionem
1029 3754 1062 3787 ex
1084 3733 1190 3786 Wcrd.
1213 3730 1317 3790 mnan

140 3825 143 3832 “
244 3805 365 3876 'Turinfp
381 3827 397 3863 o
414 3803 539 3861 Gruter-o
555 3816 711 3878 receptam,
738 3817 849 3860 serrant
869 3827 976 3878 quoqne
991 3808 1072 3858 Parr.
1086 3805 1115 3870 d.
1131 3804 1159 3858 6.
1174 3806 1241 3856 Bor.
1260 3795 1316 3850 0¹¹·

248 3877 356 3932 Erinrt.
375 3879 448 3948 Lam
461 3879 511 3931 45.
530 3881 643 3952 minin-n
661 3878 747 3948 515.

301 3947 384 4000 Illam
400 3967 472 4002 uero.
510 3950 606 4019 Quint.
622 3951 650 4000 V
664 3951 698 4002 o.
726 3947 956 4020 Praspirdiciornm
969 3947 1011 3997 ois
1026 3945 1108 3996 omnis
1123 3946 1210 3996 trilores
1223 3944 1314 4014 irqttf·

210 4058 213 4071 .
247 4019 323 4070 ribus
336 4029 476 4072 uersatur:
512 4021 619 4081 liebus,
646 4039 714 4088 qnae
736 4017 882 4086 aliqnando
905 4035 939 4068 ex
957 4017 1069 4086 paribus
1087 4018 1177 4068 caruis
1192 4018 1249 4065 sont
1260 4003 1314 4079 jud·

247 4097 342 4140 entae:
362 4119 394 4130 —-
420 4091 538 4143 «indiciis
556 4093 594 4144 ad
608 4095 693 4161 ipsam
708 4105 815 4140 cansam
824 4089 1035 4158 pertinentibus,
1062 4087 1130 4138 ande
1151 4087 1231 4136 etiam
1244 4089 1315 4131 nom

246 4159 354 4212 ductum
376 4167 434 4222 est,
467 4163 561 4230 qualia
587 4191 617 4203 -
640 4179 659 4213 a
677 4169 772 4212 senata
788 4161 916 4210 adversus
931 4159 1061 4210 Milonem
1094 4155 1169 4224 faeta
1180 4143 1313 4208 dictatori*

246 4239 296 4282 aut
318 4249 376 4282 enm
397 4231 430 4282 de
450 4227 540 4285 eadem
561 4251 645 4286 cansa
663 4232 865 4302 pronuntiatam
886 4237 934 4281 est.
955 4251 1000 4270 -·
1023 4229 1065 4280 lle
1078 4229 1197 4279 ellnntnr·
1211 4227 1313 4285 raroptt

246 4302 431 4353 contumeliam
443 4303 574 4374 judicum.
613 4293 824 4375 Gonfiopiendnm
841 4317 903 4373 erpo
923 4301 1009 4351 estin
1026 4300 1128 4352 dnobns
1148 4289 1311 4370 supernato.

246 4374 271 4425 si
289 4371 333 4424 rss'
345 4373 432 4443 feret,
449 4373 488 4425 ad
501 4375 622 4444 aliquam
636 4372 879 4432 dissinsilitndinem
892 4387 997 4426 causae.
