2824 5018
304 323 390 404 434
538 319 692 378 ossrso
710 317 789 378 sno
807 319 916 378 anon
934 319 1154 379 aurorane.

305 493 368 554 ism
389 490 447 553 diu
462 489 549 564 'neti,
571 487 747 574 eademque
767 488 831 552 fide
854 497 887 552 et
901 487 1201 572 virtuteprseditus
1212 491 1332 576 Borylsu,

305 575 361 660 qui
382 595 485 654 nuper
506 595 577 635 eum
599 573 701 634 Hiera
716 572 842 652 legatus
863 572 969 632 estad
989 581 1024 634 te
1046 573 1175 648 missus,
1193 583 1251 635 tum
1266 597 1335 656 regan

254 663 296 716 49
307 655 504 730 amicissimi,
525 664 593 716 tum
613 655 675 716 tibi
698 655 805 725 etiam,
827 662 862 713 ut
885 674 992 734 spero,
1014 655 1153 735 probati.
1184 655 1298 740 Exquire
1311 661 1334 718 de

304 738 490 810 Blesamio,
528 737 685 821 numquid
720 737 760 798 ad
791 757 899 816 regem
939 746 1053 798 eontra
1088 739 1264 818 dignitatem
1285 750 1336 800 tuan

305 821 484 902 scripserit.
537 820 657 881 Hieras
693 819 823 903 quidem
853 841 981 880 causam
1014 841 1137 881 omnem
1168 823 1301 902 suscipit,
1321 833 1337 882 el

305 903 493 964 criminibus
521 901 589 962 illis
619 923 679 984 pro
703 923 779 982 rege
813 923 848 962 sc
881 902 1037 983 supponit
1067 924 1174 964 reuma
1210 908 1337 965 memorien

304 995 392 1048 tuam
413 985 586 1066 implorat,
617 1007 680 1068 qua
699 985 788 1047 vales
810 984 1000 1066 plurimum:
1032 994 1129 1064 negat
1152 1010 1282 1070 umquam
1298 1010 1338 1048 sea

282 1077 339 1130 ‘te
374 1069 409 1128 iu
444 1067 594 1130 Deiotari
625 1068 802 1130 tetrarchia
832 1066 949 1148 pedem
979 1067 1189 1130 discessisse:
1221 1072 1251 1129 in
1272 1069 1338 1150 prinis

306 1151 424 1214 finibus
445 1151 508 1213 tibi
529 1171 564 1211 se
586 1157 717 1233 praesto
739 1151 840 1210 [uisse
863 1151 956 1223 dicit,
980 1171 1082 1232 usque
1101 1152 1143 1211 ad
1162 1151 1282 1236 ultimos
1299 1174 1339 1233 pra·

308 1242 469 1296 secutum:
494 1255 564 1295 cnm
587 1254 603 1293 e
625 1233 742 1294 balneo
766 1236 902 1307 exisses,
923 1240 1030 1294 tecum
1052 1254 1087 1292 se
1110 1233 1223 1309 fuisse,
1243 1235 1340 1298 canili

307 1316 666 1396 munera'inapexisses
697 1324 869 1389 coenatus,
910 1336 980 1376 cum
1013 1315 1049 1376 in
1079 1317 1228 1378 cubiculo
1254 1318 1341 1378 recuba·

307 1400 413 1471 isass;
436 1399 632 1483 eandemque
655 1398 877 1460 assiduitatem
895 1397 957 1458 tibi
970 1418 1004 1457 se
1019 1398 1207 1478 praebuisse
1223 1400 1343 1482 postridie.

259 1495 300 1550 45
310 1481 535 1559 Quamobrem,
558 1481 687 1564 siquid
710 1502 838 1554 eorum,
860 1502 942 1563 quae
959 1479 1089 1542 obiecta
1110 1490 1200 1555 sunt,
1222 1484 1344 1564 cogitatu

310 1566 371 1637 sit,
394 1572 629 1636 necessumst,
663 1563 741 1646 quin
761 1565 797 1624 id
820 1585 911 1624 suum
942 1563 1066 1624 facinus
1080 1563 1110 1647 1)’
1128 1565 1261 1626 iudices.
1295 1567 1345 1640 Qas-

310 1647 408 1720 eirea,
431 1644 469 1706 C.
491 1645 625 1719 Caesar,
646 1645 743 1710 velim
762 1645 939 1719 existimes,
960 1645 1119 1709 hodierno
1136 1648 1190 1709 die
1204 1648 1345 1709 sententian

308 1738 407 1798 tuam,
428 1736 483 1790 aut
505 1750 576 1790 eum
598 1751 717 1791 summo
740 1729 900 1792 dedecore
916 1729 1122 1792 miserrimam
1134 1740 1257 1811 pestem
1274 1732 1346 1810 imper

308 1819 447 1874 taturam
478 1833 550 1874 esse
572 1812 721 1892 regibus,
754 1820 809 1874 sut
829 1811 1023 1875 ineolumem
1043 1813 1158 1874 famam
1180 1837 1248 1875 cum
1266 1813 1345 1874 salute:

309 1917 444 1978 quorum
464 1894 601 1958 alterum
622 1903 752 1976 optare,
782 1893 912 1957 illorum
934 1895 1139 1958 crudelitatis
1163 1904 1233 1971 esta
1259 1895 1347 1958 alteru

308 1989 519 2052 conservare,
549 1977 739 2040 elementiae
761 1984 846 2040 tuse.
942 2029 944 2035 .

266 2189 270 2198 '
334 2163 338 2204 2
362 2181 391 2250 Ι)
408 2181 514 2236 facinus
533 2199 618 2240 suum.

306 2374 425 2446 affictus,
441 2375 576 2446 pur-pandi
590 2375 633 2426 sui
647 2375 742 2446 pratia
751 2373 854 2446 leqates
866 2373 1093 2444 miser-utitem
1103 2377 1225 2438 Hieram,
1234 2375 1349 2428 nessae

306 2455 334 2498 et
346 2444 520 2516 Astiqonum,
545 2447 639 2512 quibem
655 2464 759 2496 servum
772 2465 848 2496 ιιιιιιιι
862 2446 961 2516 Pbidip
980 2449 1047 2498 ierem
1061 2448 1231 2519 arip'wexerat.
1263 2447 1349 2498 Anbrtt

307 2515 369 2568 cod.
383 2515 412 2564 in
428 2521 505 2567 textu
522 2516 632 2568 exhibet
645 2516 810 2588 Amycum,
838 2521 866 2568 et
882 2517 946 2567 val.
987 2519 1071 2570 robus
1095 2538 1120 2588 p.
1138 2519 1217 2572 14⁷1
1237 2515 1349 2570 Aestate·

359 2586 383 2654 fi.
401 2582 451 2635 49.
476 2589 607 2657 supponit.
632 2585 717 2638 Verr.
735 2587 764 2636 V
781 2585 835 2638 282
864 2586 920 2648 Iste
936 2588 1011 2638 bomo
1027 2588 1147 2656 nefarius
1163 2589 1350 2656 ineormslma

306 2671 372 2724 quos
388 2653 490 2704 domum
504 2673 578 2706 suam
589 2657 621 2707 de
629 2657 729 2725 piratis
747 2657 913 2715 abduxerat,
937 2659 1097 2710 substituere
1112 2668 1139 2711 et
1153 2678 1291 2730 supponere
1303 2653 1350 2720 eoepit

306 2727 376 2781 ciues
391 2725 533 2776 Romanos.
569 2744 593 2777 v.
610 2727 675 2794 ps
704 2727 806 2779 Roscio
822 2727 879 2787 38,
900 2727 986 2780 itis
1009 2729 1116 2794 Vocem
1140 2749 1262 2789 mura,
1286 2739 1350 2796 quaes

307 2796 469 2866 quibusdam
482 2795 563 2846 libris
579 2795 647 2850 Meis
665 2797 699 2851 L.
713 2797 809 2849 abesse
826 2799 946 2858 dieitur,
971 2799 1092 2852 retinent
1108 2818 1201 2854 omnes
1216 2803 1293 2854 Brut.
1305 2797 1350 2847 Pffl·

307 2867 369 2918 edu
388 2866 467 2918 Rom.
484 2867 616 2918 Venetae.

359 2937 381 3003 ξ.
400 2936 449 2988 45.
475 2943 582 3056 pestem
596 2938 811 3005 importaturam,
831 2937 984 2990 allaturam.
1013 2939 1047 2990 de
1064 2938 1119 2991 off.
1135 2941 1171 2992 Π
1188 2941 1215 2992 ii.
1232 2959 1258 3010 p.
1271 2937 1298 2988 G.
1311 2929 1350 2984 liti·

306 3008 385 3076 perd.
403 3005 440 3058 92
493 3009 634 3076 aequem,
654 3025 721 3074 quae
733 3013 832 3075 pestem
850 3015 929 3076 atque
946 3008 1069 3060 exsiliare
1082 3009 1147 3064 Sex.
1168 3012 1240 3064 ttcta
1253 3006 1350 3060 attribui

305 3091 332 3128 v.
350 3075 433 3130 uase.
448 3076 493 3127 ιιι
512 3062 558 3129 rt.
578 3077 647 3138 nas.
663 3077 747 3146 rep.
767 3076 823 3138 se,
840 3077 870 3132 s.
905 3078 948 3129 ux
965 3079 1051 3131 assa.
1068 3079 1150 3136 rm,
1168 3083 1231 3136 nn,
1247 3077 1349 3150 ,epten

306 3154 349 3201 est
363 3165 437 3200 suessa
450 3145 574 3216 suebum,
592 3165 673 3220 quem
687 3148 811 3202 ordinem
825 3148 931 3220 vulgati
945 3149 1093 3205 invertant.
1113 3190 1117 3201 .
