2824 5018
387 372 495 431 ano..
512 372 551 439 u:
573 365 792 440 nonnas
1053 369 1137 449 507
1177 359 1203 450 J

55 559 138 624 quam
165 537 399 622 persalutatioa
430 541 622 624 praesertin
640 563 722 604 ‘cam
752 543 815 604 tam
845 538 1016 604 laco'novo
1047 553 1137 602 more

53 644 153 684 omnes
175 625 242 684 iere
265 623 376 683 domos
399 627 537 686 omnium
561 634 778 700 concursent,
815 632 849 686 et
880 646 920 692 ex
947 624 1039 686 vultu
1061 647 1137 685 can-

53 707 224 766 didatorum
247 707 464 768 coniecturam
487 710 619 780 iaciant,
649 717 802 791 quantum
824 708 961 792 quisque
985 709 1080 768 animi
1103 715 1136 768 et

51 788 207 849 facultatis
246 789 365 849 habere
401 792 558 851 videatur.
612 792 756 852 Videsne
788 799 824 852 tu
857 791 946 850 illam
978 788 1185 852 tristante&

55 871 245 931 demissum?
265 872 366 944 iacet,
390 873 516 947 diffidit,
539 875 658 934 abiecit
674 873 793 936 hastas.
815 874 925 954 Serpit
943 874 996 933 hic
1013 875 1135 935 rumor:

57 953 176 1030 Sciatis
197 957 286 1014 illam
306 958 537 1018 accusationem
559 959 725 1040 ospitare?
758 960 915 1036 inquirere
937 959 969 1016 in
991 959 1136 1040 competi-

55 1039 156 1096 tores?
176 1046 270 1098 testes
293 1040 465 1117 quaerere?
486 1042 583 1100 aliam
601 1042 729 1122 faciam,
752 1042 895 1121 qssoraiom
916 1041 978 1100 sibi
998 1043 1048 1100 hic
1071 1043 1137 1122 ipse

51 1119 212 1200 desperat..
242 1119 410 1180 Eiusmodi
440 1121 686 1182 candidatorum
716 1124 809 1183 amici
836 1123 941 1182 intimi
964 1122 1138 1182 debilitan-

51 1208 117 1274 tur,
154 1201 265 1262 stadia
299 1204 487 1284 deponant,
522 1213 755 1266 aut‘testatam
783 1227 849 1265 rem
872 1204 1047 1278 abiiciunt,
1082 1212 1136 1266 ant

52 1304 132 1342 suam
152 1304 292 1364 *operam
322 1295 354 1346 et
382 1287 515 1366 gratiam
536 1288 660 1348 iudicio
683 1297 715 1349 et
737 1289 938 1350 accusationi
958 1295 1136 1348 reservant.

108 1367 184 1426 Car.
208 1366 324 1428 xxlt.
366 1369 651 1443 Accedit'eodcm,
674 1379 710 1431 ut
732 1370 919 1453 etiamipse
935 1371 1136 1431 candidatus

50 1456 143 1508 totum
168 1449 306 1510 animum
329 1458 425 1534 atque
448 1473 721 1526 omnem-curam,
743 1475 891 1535 operam,
921 1454 1137 1534 diligentiam·
1243 1504 1247 1510 .

53 1553 106 1614 que
129 1553 216 1593 suam
239 1533 274 1591 in
295 1534 454 1614 petitione
476 1551 543 1596 non
563 1537 669 1616 possit
691 1558 822 1616 ponere.
845 1536 1029 1616 adiungitur
1050 1536 1134 1596 euim

53 1616 261 1676 accusationis
281 1617 449 1696 cogitatio,
471 1637 537 1678 non
553 1639 650 1700 parva
667 1641 732 1691 res,
756 1619 814 1678 sed
830 1620 975 1680 nimirum
989 1619 1134 1678 ‘omnium

51 1698 353 1776 maximapmagnum
375 1707 425 1760 est
448 1702 552 1774 enim,
573 1709 606 1760 te
630 1723 813 1781 comparare
837 1725 895 1774 ca,
920 1701 1035 1783 quibus
1057 1722 1133 1780 pos-

53 1779 90 1838 sis
115 1780 273 1842 hominem
305 1802 321 1842 e
355 1783 508 1855 civitate,
540 1785 731 1866 praesertim
759 1806 822 1845 non
843 1785 995 1865 inopem,
1027 1805 1133 1866 neque

52 1861 217 1937 infirmum,
242 1865 434 1938 exturbare,
457 1865 512 1948 qui
535 1875 567 1927 et
588 1886 647 1948 per
669 1888 725 1940 se,
750 1876 782 1927 et
803 1889 862 1948 per
884 1889 978 1940 suos,
1002 1874 1035 1926 et
1056 1888 1133 1926 vero

54 1945 136 2006 etiam
167 1967 227 2027 par
258 1946 382 2009 alienos
417 1949 618 2010 defendatur.
655 1971 764 2010 omnes
798 1951 882 2010 enim
911 1949 951 2008 ad
983 1947 1134 2028 pericula

54 2029 261 2108 propulsanda
279 2032 517 2104 concurrimus3
540 2042 572 2092 et
589 2033 643 2115 qui
660 2054 723 2092 non
741 2039 852 2113 aperte
870 2032 992 2091 inimici
1010 2052 1131 2104 sumus;

58 2109 136 2171 etiam
158 2113 380 2188 alienissimis,
409 2115 443 2173 in
466 2115 581 2196 capitis
605 2115 759 2196 periculis
784 2115 1044 2175 amicissimorum
1065 2115 1132 2172 offi-

61 2191 145 2264 ciaet
166 2195 275 2255 studia
295 2206 503 2276 praestamus.
546 2200 654 2275 Quare
678 2219 736 2276 ego
753 2207 904 2280 expertus
928 2205 961 2257 ot
981 2196 1129 2276 petendi,
1138 2201 1180 2256 46

62 2279 88 2334 et
105 2276 315 2354 defendendi,
348 2288 379 2341 et
402 2282 574 2341 accusandi
595 2281 796 2353 molestiam,
828 2284 875 2342 sic
898 2279 1062 2340 intellexi:
1094 2279 1131 2340 in

59 2360 198 2434 petendo,
222 2362 363 2422 studium
377 2383 449 2422 esse
462 2364 665 2436 acerrimum,
686 2365 721 2423 in
735 2364 953 2434 defendendo,
977 2361 1134 2436 officiuma

56 2438 84 2497 in
109 2443 309 2517 accusando,
347 2444 499 2506 laborem.
550 2447 666 2528 ltaque
699 2447 745 2506 sic
779 2455 907 2518 statuo,
941 2445 1012 2504 lieri
1040 2444 1131 2505 nullo

52 2525 133 2586 modo
155 2547 272 2606 posse,
294 2535 329 2588 ut
351 2528 435 2586 idem
456 2529 692 2588 accusationem
715 2537 747 2590 ct
770 2530 960 2609 petitionem
982 2528 1132 2588 consula-⁶

50 2609 93 2664 tas
123 2608 303 2688 diligenter
335 2611 470 2669 adornet
507 2619 602 2692 atque
638 2612 788 2672 instruat.
834 2634 930 2671 uniam
970 2611 1131 2672 sustinere

50 2691 132 2766 pauci
153 2701 308 2772 possunt,
330 2701 498 2776 utrumque
521 2715 623 2754 nemo.
666 2695 736 2767 Tu,
759 2715 829 2754 eum
851 2704 883 2754 te
908 2695 947 2754 de
971 2691 1132 2753 curriculo

50 2773 204 2848 petitionis
243 2776 451 2849 deflexisses,
489 2776 689 2860 animumque
720 2779 760 2840 ad
791 2778 1005 2838 accusandum
1027 2783 1133 2835 trans·

50 2984 118 3032 actae
130 2985 268 3050 praebent
282 2983 459 3050 persalutatio
475 3002 527 3052 pro
543 2982 654 3052 vulgato
671 2985 734 3035 olim
751 2985 889 3034 reluctatio.
909 2980 968 3034 Cic.
985 3002 1004 3053 p
1028 2984 1131 3036 Flacco

53 3045 102 3100 tt:
127 3051 171 3104 lte
186 3055 344 3104 ambitiosos
353 3090 361 3112 ‚
381 3062 410 3103 at
424 3071 508 3103 omnes
522 3072 568 3104 oos
581 3072 679 3120 nosque
696 3054 813 3120 qnotidie
828 3052 981 3122 persalutet.

97 3131 139 3171 ont
159 3131 285 3179 testatam
306 3142 366 3174 rem.
404 3125 449 3175 Ita
470 3125 632 3175 recentioris
655 3125 713 3174 aevi
735 3126 861 3184 codices,
884 3125 948 3190 Par.
963 3121 991 3173 7.
1009 3122 1069 3174 Pal.
1087 3142 1131 3192 pr.

51 3184 131 3243 Franc
150 3194 225 3246 021.
239 3194 336 3261 quibus
353 3193 498 3258 suffragari
508 3193 633 3244 videntur
642 3193 719 3244 Pars.
729 3193 758 3244 4.
766 3193 792 3244 8.
803 3194 924 3248 Patsec.
935 3201 998 3246 tert.
1010 3192 1080 3245 051.
1100 3193 1131 3248 S.

51 3254 165 3314 Victoris
182 3272 231 3314 aut
246 3269 339 3314 testam
355 3281 408 3314 rem
427 3263 591 3315 exhibentes.
628 3262 724 3314 Lectio
741 3263 804 3316 Par.
822 3265 848 3315 9.
871 3272 952 3332 atque
969 3263 1031 3316 edd.
1048 3271 1130 3316 setta

52 3337 139 3382 certem
155 3353 210 3386 rem
226 3335 419 3402 interpretatio
437 3334 562 3401 vulgatae
579 3340 637 3393 est,
661 3351 740 3401 quam
754 3336 854 3386 alanus
875 3335 1008 3403 explicat:
1036 3334 1131 3387 suffra·

23 3461 26 3469 ²
52 3402 177 3462 potionem
193 3403 336 3466 omittant,
355 3405 465 3462 testati,
490 3405 696 3463 curamittant,
721 3405 877 3456 nescilicet
895 3406 1058 3490 silescant,
1085 3403 1132 3473 qui
1185 3461 1187 3476 Ι

45 3469 169 3543 sibiipsa
188 3477 326 3545 desperet.
363 3474 476 3526 Rectius
491 3476 608 3527 sortasse
624 3475 647 3524 F
650 3477 783 3527 arsatius:
810 3477 862 3544 ipsi
880 3476 1016 3526 candidata
1036 3477 1131 3546 ‹lespe-¹

53 3542 176 3596 rationem
191 3565 265 3597 suam
280 3552 430 3608 testantem
451 3553 478 3596 et
492 3545 632 3612 Opellius:
652 3564 709 3596 rem
724 3552 777 3597 tam
791 3547 891 3596 claram
905 3565 936 3597 ae
950 3548 1129 3606 manifestam,

52 3610 106 3662 scil.
130 3618 265 3684 repulsam
288 3618 405 3668 laturum
436 3634 493 3670 esse
515 3619 678 3685 petitorem,
706 3635 818 3684 prorsus
846 3617 985 3686 abjiciunt.
1028 3617 1076 3666 Sic
1097 3615 1132 3666 ad

52 3677 106 3730 Ati.
123 3685 194 3735 xlv
216 3686 268 3740 Νι
295 3694 349 3737 tarn
366 3687 466 3738 claram
492 3695 595 3754 tortaque
617 3681 746 3737 testatam*
762 3706 823 3738 rem.
861 3687 894 3737 acl
915 3687 991 3737 Fam.
1009 3685 1054 3736 xl
1078 3684 1131 3739 27:

52 3760 150 3814 praeter
164 3756 248 3815 haee,
267 3775 334 3822 qaae
349 3765 448 3808 testata
463 3766 524 3808 sant
537 3765 616 3822 etque
631 3757 760 3815 illustr-io,
780 3757 863 3808 labeo
879 3757 960 3806 multo
977 3756 1131 3810 occultiora.

54 3817 170 3877 inVerr.
185 3829 221 3878 A.
240 3826 294 3878 t6=
326 3845 368 3878 res
385 3830 423 3878 ito
440 3837 534 3886 notos,
559 3830 598 3878 ito
615 3834 742 3886 testatus,
769 3825 974 3894 itomonisestas
987 3825 1134 3898 proferam,

53 3890 167 3948 altat.
179 3896 226 3948 ⁷6.
246 3897 392 3949 Lambinus
411 3899 528 3968 conjecit
543 3905 632 3955 totam,
651 3897 794 3948 Ernestius
811 3898 984 3966 desperatam.
1004 3897 1061 3949 Nec
1077 3898 1132 3948 Ga·

53 3965 152 4022 rt¹²⁰¹¹io
166 3967 242 4020 locus
254 3987 332 4019 sanus
343 3969 459 4030 ridetur,
477 3987 565 4036 raeque
578 3967 659 4029 mihi;
678 3969 840 4038 praesertim
857 3985 914 4018 cum
927 3968 1063 4035 particula
1085 3974 1133 4018 aot

54 4039 110 4148 pate
128 4043 250 4090 testatam
266 4041 311 4092 six
328 4057 375 4092 suo
389 4039 451 4092 loeo
467 4042 574 4110 posita,
604 4047 632 4091 et
653 4041 681 4090 in
696 4038 760 4090 Par.
774 4038 801 4090 8.
820 4045 949 4090 antestion
971 4056 1024 4087 rena
1046 4039 1131 4107 scrip·

66 4117 103 4150 un
119 4107 160 4157 ait.
701 4126 706 4132 ·

101 4173 195 4230 xxn.
232 4179 381 4229 exsertare.
419 4177 452 4228 de
467 4177 544 4228 Aere
560 4177 595 4228 al.
612 4177 673 4232 Mil.
689 4174 721 4230 lla
755 4177 968 4236 Nonoidcrant,
995 4193 1060 4244 qnos
1079 4176 1134 4246 ipsi

55 4247 238 4308 exturbarant,
262 4267 304 4300 eos
327 4249 355 4298 in
376 4247 509 4299 ciuitatem
529 4249 674 4298 restitutos.
709 4265 735 4302 v.
751 4247 877 4299 Roscian.
896 4248 919 4316 5.
937 4245 984 4298 25.
1004 4276 1034 4286 -
1059 4245 1133 4298 tede

55 4325 119 4363 carr.
138 4315 297 4387 deflexisses.
333 4318 379 4370 Ita
396 4318 428 4370 de
445 4317 539 4370 Lami).
557 4321 691 4370 sententia
716 4319 803 4370 edidit
824 4317 906 4370 Grut.
934 4335 965 4370 ex
982 4318 1036 4368 suis
1051 4317 1133 4371 codd.

57 4381 206 4446 quibuscum
221 4390 324 4442 faciunt
337 4388 416 4441 Par-r.
433 4389 502 4442 011.
519 4389 617 4443 Fraus.
639 4389 700 4444 stt.
717 4397 834 4442 veteres.
871 4388 1052 4440 Recentiores
1069 4394 1134 4441 ante
