2782 5022
323 249 442 486 rba
477 403 780 460 carrnrnnn.
1037 399 1114 484 191

16 627 19 654 3
50 571 200 640 servamur:
226 574 391 658 proiecto,
415 571 566 658 quoniam
588 574 700 649 illum,
723 563 779 660 qui
801 559 885 638 banc
908 573 1020 635 urbem
1042 595 1119 635 con-

50 663 132 734 didit,
158 659 335 732 Romulum,
367 659 407 719 ad
439 660 519 719 deos
547 658 744 724 immortales
767 658 999 724 benevolentia
1020 659 1119 719 iama-

49 767 95 828 qae
120 743 319 816 sustulimus3
353 763 426 802 csse
461 743 546 825 apud
579 763 637 803 vos
673 751 890 826 posterosque
924 750 1053 802 rastros
1083 743 1119 818 in

49 829 146 888 honore
169 827 295 887 debebit
317 825 368 900 is,
392 825 447 909 qui
470 827 605 886 eandem
627 825 710 889 banc
734 826 846 886 urbem
870 825 1034 886 conditam
1056 847 1119 884 am·

47 910 251 994 plificatamque
274 909 426 970 servavit.
471 909 551 970 Nam
574 909 637 970 toti
660 909 749 982 urbi,
772 907 924 990 templis,
948 907 1118 980 delubris,

47 996 122 1053 tectis
148 996 181 1054 ac
211 993 376 1053 moenibus
409 991 576 1053 subiectos
604 1014 706 1073 prope
739 994 801 1054 iam
822 991 915 1077 ignes
941 991 1119 1052 circumda·

16 1145 17 1148 Ἴ
47 1084 138 1160 tosque
158 1077 379 1138 restinximus:
410 1077 572 1160 iidemque
603 1076 729 1156 gladios
753 1077 788 1135 in
809 1074 1040 1159 rempublicam
1063 1072 1119 1132 des

16 1194 19 1204 .
47 1161 152 1220 strictos
173 1159 370 1244 retudimus,
400 1181 636 1242 mucronesque
669 1181 778 1220 eorum
810 1184 828 1221 a
849 1157 969 1240 iugulis
998 1157 1116 1218 vestris

16 1267 17 1270 ¹
47 1243 201 1310 deiecimus.
230 1243 337 1318 ‘Quae
361 1243 511 1326 quonlam
534 1245 567 1302 in
591 1251 708 1304 senatu
724 1241 911 1324 illustrata,
931 1237 1117 1323 'patefactm
1149 1235 1169 1286 5

47 1336 181 1408 comperta
201 1334 277 1386 sunt
298 1348 357 1407 per
379 1329 445 1388 me:
469 1327 561 1386 vobis
585 1329 648 1387 iam
671 1347 829 1408 exponam
850 1324 1016 1400 breviter,
1039 1325 1119 1402 Qui·

45 1409 120 1482 ritas,
145 1420 178 1470 ut
209 1418 240 1470 et
272 1418 408 1494 quanta,
441 1418 474 1470 et
507 1433 601 1494 quam
623 1411 815 1485 manifesta,
851 1417 884 1470 et
907 1431 970 1492 qua
991 1409 1118 1476 ratione

1019 1573 1120 1584 -ι-

46 1663 145 1714 brabant.
180 1664 242 1714 Tib.
268 1661 314 1711 IV
335 1660 369 1712 δι
409 1661 464 1725 Qui
490 1664 555 1714 mibi
578 1669 604 1713 te
632 1659 771 1714 Cerintho*
784 1664 955 1723 diesdedit,
984 1664 1027 1714 bic
1054 1665 1119 1713 ronibi

46 1742 138 1792 sauctus,
155 1733 245 1801 Atque
259 1733 335 1782 'iuter
351 1732 435 1802 festos
451 1752 552 1804 semper
567 1734 703 1784 babendus
721 1737 781 1786 erit.
804 1753 829 1788 v.
845 1735 917 1786 Hor.
937 1735 992 1786 (ld.
1009 1736 1053 1784 lv
1071 1735 1118 1785 ll.

48 1805 111 1854 Seru.
124 1806 153 1855 11
170 1805 206 1864 ss,
226 1802 278 1855 60.
298 1803 350 1871 Ep.
368 1805 383 1852 I
403 1803 440 1864 5,
459 1805 487 1856 9.
508 1803 625 1855 Censor.
644 1807 677 1856 de
695 1806 740 1856 dic
756 1813 813 1856 nat.
831 1824 853 1856 c.
869 1807 916 1876 ὃςΙ
939 1804 1004 1855 Cum
1018 1806 1121 1875 siupnii

49 1873 132 1924 bouiues
155 1893 215 1926 suos
243 1873 423 1924 tauhammodo
440 1878 564 1944 proprios
590 1877 680 1926 colant
696 1877 822 1936 natales‚·
851 1895 898 1948 epo
915 1884 1001 1926 tamen
1017 1876 1120 1944 duplici

51 1948 157 2008 quotannis
173 1947 258 2018 officio
276 1945 384 2016 brp'nsce
401 1946 541 2016 redipiouis
556 1946 719 2018 adstriupor.
757 1947 877 1997 Eosdem
892 1955 1041 2017 praeterea
1054 1947 1120 1997 illos

49 2015 109 2137 iiiii
124 2019 219 2086 quibus
243 2017 349 2068 servati
370 2023 465 2077 erant,
495 2019 771 2087 coluissespraeter
788 2017 815 2068 h.
831 2018 850 2068 l.·
876 2019 958 2070 docet
974 2019 1045 2068 Hor.
1064 2017 1120 2068 od.

81 2159 228 2208 susttdimus.
267 2157 301 2222 de
315 2156 387 2225 Rep.
403 2157 437 2207 11
456 2156 511 2208 10:
547 2158 677 2216 Routnlns
696 2177 753 2208 euru
768 2165 865 2228 septem
885 2165 912 2208 et
929 2159 1044 2229 triginta
1062 2163 1121 2230 repss

45 2229 134 2277 mansu
151 2247 254 2285 amms,
275 2235 307 2266 -έ
327 2225 430 2276 tantum
448 2235 487 2277 est
502 2237 670 2288 consecutas,
688 2237 719 2278 ut
732 2247 789 2279 enan
801 2227 890 2280 subito
905 2229 962 2280 sole
979 2231 1121 2279 obscurato
1247 2276 1250 2286 ,

43 2314 80 2346 uon
92 2302 291 2369 comparuisset,
311 2297 418 2348 deorum
435 2301 464 2360 in
481 2317 587 2350 urnmero
606 2301 752 2352 collocatus
768 2299 919 2370 putaretur.
949 2300 1005 2350 Oli.
1020 2299 1070 2350 ΙΙΙ
1087 2299 1121 2350 δι
1193 2339 1197 2351 .
1256 2307 1260 2320 '

42 2366 158 2421 Herculem
176 2399 206 2409 -
225 2367 360 2419 betorinum
373 2369 446 2438 saron
464 2371 646 2444 beneficiorum
668 2390 765 2422 metator
786 2373 814 2422 in
836 2373 949 2423 concilio
971 2372 1123 2422 coelestium

42 2439 169 2492 atterant.
206 2441 275 2491 Nat.
294 2439 330 2490 I).
346 2439 437 2512 1124
453 2459 510 2510 pr.:
546 2441 669 2512 Suscepit
686 2445 745 2494 uita
761 2441 893 2495 danninum
911 2443 1123 2508 consuetudoque

40 2515 170 2628 caprotinis,
191 2520 221 2562 nt
239 2511 372 2583 beneficiis
390 2513 549 2564 excellentes
564 2515 637 2564 viros
660 2516 689 2565 in
709 2515 810 2565 coelum
832 2514 907 2588 famu
929 2531 960 2565 aa
983 2513 1123 2565 uoluntate

39 2585 58 2628 to
79 2591 150 2634 eretat.
650 2601 653 2609 “
1118 2595 1122 2607 “

77 2655 120 2703 toti
136 2653 196 2706 urbi
216 2682 248 2692 -
267 2653 344 2702 tectis
358 2647 477 2702 'ambibus
492 2669 523 2701 ac
538 2653 679 2706 moenibus.
717 2653 763 2706 ltu
786 2653 891 2723 legitur
915 2658 941 2703 in
965 2656 1047 2703 libris
1063 2653 1124 2703 tttu-
1150 2713 1151 2720 ἵ

37 2724 94 2782 reti,
120 2727 178 2780 edd.
197 2724 280 2774 Rom.
298 2721 366 2772 Ata.
391 2723 488 2790 quibus
514 2725 717 2792 adstipulantur
743 2726 795 2777 01.
818 2743 846 2792 χ.
870 2724 957 2774 Barb.
981 2725 1067 2776 Barv.
1095 2727 1125 2776 es

36 2791 101 2843 Pam.
118 2802 232 2864 excepto
251 2791 289 2853 5,
318 2795 364 2860 qui
383 2811 443 2844 cum
460 2793 542 2844 libris
561 2795 680 2847 Gruteri
698 2803 733 2852 τὸ
753 2793 872 2844 omuibus
895 2796 1013 2854 omittit3
1041 2800 1069 2844 et
1085 2793 1123 2854 4,

36 2866 141 2929 quicum
157 2867 281 2918 Graevv.
301 2863 390 2916 orn:
420 2866 496 2914 tectis
520 2883 552 2916 uc
575 2867 708 2917 ttaoeuibus
731 2867 849 2917 erunibus
865 2864 959 2920 habat.
996 2865 1039 2914 Ex
1055 2867 1124 2915 meis

36 2939 227 3000 quatuordecim
246 2935 327 2985 codd.
344 2935 412 2985 uuus
431 2933 496 2985 Por.
516 2936 584 3000 to,
603 2938 649 3005 qni
677 2944 718 2988 est
740 2936 964 2994 recentissimus,
990 2935 1122 3005 praebet:

35 3009 103 3056 totitas
118 3009 207 3066 urbis,
229 3006 333 3074 quoda
350 3006 492 3072 Naugerio
512 3005 598 3075 risque
615 3009 650 3057 ad
666 3007 817 3058 Grae'vinrn
835 3007 975 3074 vulgatum
995 3013 1044 3058 est.
1064 3056 1070 3068 ,

76 3079 181 3147 templis,
200 3077 256 3128 dei.
293 3075 333 3126 Ut
348 3093 413 3126 arae
429 3083 456 3127 et
470 3075 534 3142 foci,
554 3081 593 3130 sic
608 3077 706 3146 templa
721 3084 747 3128 et
760 3077 873 3127 delubra
890 3073 1047 3145 saepissime
1061 3077 1124 3147 jun·
1159 3139 1160 3144 ¹

36 3155 129 3212 guntur.
164 3149 230 3201 Nat.
248 3144 424 3198 1111140:
457 3145 509 3196 Est
524 3151 592 3198 enim
615 3148 679 3198 nubi
701 3157 784 3199 tecum
797 3167 848 3218 pro
868 3151 923 3200 aris
942 3155 969 3198 et
982 3149 1051 3216 focis
1068 3163 1123 3198 cer·

35 3224 122 3278 tamen,
149 3231 176 3271 et
219 3237 250 3287 ro
274 3217 382 3268 deomm
402 3219 505 3288 templis
530 3227 610 3284 atque
634 3219 771 3277 delubris,
803 3237 906 3288 proque
931 3220 1006 3269 urbis
1031 3220 1123 3270 taurin.

35 3304 55 3338 ι.
71 3291 136 3341 inira
150 3291 178 3343 9.
196 3239 222 3360 ἔ.
240 3288 289 3340 92.
319 3288 460 3339 'Delubra'
472 3289 581 3357 quidem
600 3289 701 3349 aedes,
729 3291 756 3338 in
775 3290 873 3358 quibus
893 3290 1041 3341 simulacra
1059 3292 1123 3340 deo·
1153 3310 1156 3317 ·

35 3375 82 3410 rura
98 3364 236 3416 collocata
252 3365 340 3418 erant,
359 3359 464 3428 templa
478 3363 545 3410 rer'o
564 3361 627 3411 loca
643 3361 678 3410 ab
692 3361 842 3428 auguribus
860 3368 1021 3412 consecrata
1038 3362 1123 3410 fuisse

35 3431 155 3484 ridentur.
192 3430 402 3498 mtiellaXIV
418 3431 445 3481 ⁷.
479 3431 554 3482 Fert.
570 3431 674 3482 Asson.
697 3433 732 3482 ad
745 3433 809 3484 Dir.
828 3431 854 3482 l.
889 3433 969 3485 Serv.
992 3434 1028 3482 ad
1050 3433 1122 3482 Aen.

36 3500 129 3554 ttius
148 3503 233 3554 cth
250 3499 312 3556 ὅθ,
341 3502 345 3512 ’
634 3509 635 3517 ’

77 3576 246 3624 restinximus
266 3601 298 3612 -
317 3569 471 3622 retudimus.
498 3569 602 3622 Iisdem
621 3571 714 3622 verbis
733 3572 822 3623 utitur
842 3570 902 3624 cia.
921 3591 949 3642 p.
969 3572 1051 3623 satta
1067 3569 1123 3632 502

34 3637 131 3694 Adeone
150 3647 227 3695 uobis
246 3642 349 3692 alieuius
368 3659 385 3690 a
403 3641 520 3692 sanitate
548 3671 579 3680 -
605 3643 711 3700 uideor,
739 3651 785 3700 ut',
812 3661 891 3709 quam
915 3643 1008 3694 consul
1028 3641 1126 3692 bellum

32 3717 146 3782 passerim
174 3733 232 3765 aram
259 3713 421 3784 conjuratis,
449 3715 528 3764 uurm¹
542 3730 630 3762 eornm
654 3713 745 3770 ducem
770 3709 879 3764 seruare
906 3711 1024 3783 cupiam,
1052 3720 1078 3763 et
1097 3714 1126 3762 iu

33 3781 137 3834 citimum
157 3785 295 3842 inducam,
315 3783 389 3854 cnjus
407 3800 490 3854 nuper
506 3782 607 3851 serrtcm
625 3783 778 3843 retuderim,
794 3784 977 3856 flurrtmamque
995 3786 1126 3834 restiua'ae·

33 3856 90 3914 rim,
109 3856 224 3926 ejusdem
242 3873 309 3905 nuuc
329 3873 436 3904 cosmam
453 3851 587 3920 vitamque
606 3852 765 3922 defendere?
794 3855 872 3908 Idem
890 3857 918 3904 in
937 3856 1022 3906 Verr.
1042 3855 1070 3905 V
1085 3853 1126 3906 62

34 3933 110 3978 erin:
146 3927 209 3977 Hac
234 3945 263 3975 se
287 3927 530 3975 commemoratione
556 3926 677 3976 civitatis
704 3927 792 3976 omnia
816 3925 1126 3995 verbera‘depulsurura,

34 4001 222 4064 cruciatumque
240 4016 256 4046 a
275 4005 389 4118 corpore
402 3996 564 4067 dejecturum
583 3997 778 4047 arbitrabatur.
814 4014 841 4053 v.
862 3998 936 4047 inira
964 3997 987 4065 5,
1009 3996 1055 4047 17.
1091 3997 1127 4045 Ιιι

35 4066 107 4120 Parr.
126 4069 155 4120 ll.
175 4068 203 4119 ὅ.
224 4065 252 4118 6.
271 4067 298 4118 7.
339 4065 415 4118 .10.
440 4067 527 4118 Barb.
555 4067 691 4136 rejecimus
718 4073 768 4118 est.
812 4085 836 4118 r.
856 4085 883 4136 p.
902 4067 975 4118 Mur.
995 4065 1051 4127 5⁷,
1078 4065 1127 4117 ⁷9.
1166 4093 1169 4101 ·

81 4141 102 4207 5.
122 4139 149 4191 5.
187 4139 372 4188 illustrata-
392 4129 532 4207 eompcrbi.
563 4137 616 4190 Est
633 4137 701 4188 haec
721 4139 866 4204 congeries
885 4139 1034 4190 verborum
1053 4131 1128 4188 inter
1214 4149 1223 4176 ’-

35 4224 60 4257 se
77 4211 220 4268 similium,
240 4209 315 4259 utin
335 4210 460 4277 exemplo
480 4227 512 4262 ex
530 4208 593 4262 Cic.
614 4227 629 4260 a
649 4209 767 4276 Quintil.
788 4209 837 4268 lxj
853 4208 889 4270 5,
908 4208 950 4260 49
969 4209 1073 4266 allato,
1100 4209 1128 4256 in

36 4296 83 4344 quo
102 4288 129 4333 et
146 4281 220 4330 idem
239 4285 266 4330 et
286 4280 422 4330 diversum
442 4279 623 4348 significantia
641 4286 771 4332 acervata
784 4285 869 4330 sunt:
899 4279 1005 4342 Quaero
1025 4279 1057 4328 ab
1077 4277 1128 4328 ini·

36 4351 117 4410 uieis,
135 4354 223 4401 sintne
240 4350 305 4402 baec
324 4351 513 4420 intonantique,¹
524 4357 671 4424 compertu,
687 4349 842 4422 patefacta,
866 4351 992 4409 sublata,
1016 4349 1127 4405 delata,

37 4423 161 4473 exstineto
181 4437 231 4489 per
248 4437 295 4472 nne.
