2782 5022
331 334 386 394 sn
417 336 451 392 a.
482 333 794 396 cantarana:
1027 285 1128 416 221¹

101 510 151 564 Sed
164 509 235 562 bisce
251 522 310 562 eam
324 509 409 568 omnis
423 503 492 560 baec
511 507 602 560 oratic
621 507 802 568 adversatur,
826 513 886 560 tom
901 503 989 580 rerba
1007 523 1051 578 ep.
1070 507 1111 560 dl

99 585 129 634 sd
144 583 226 632 Attia.
244 581 263 630 l.
282 579 359 630 Xllr
395 579 441 630 Me
457 585 545 630 autem
562 579 605 630 bie
624 579 766 649 [Brutus]
785 578 901 637 laadot,
927 579 999 646 qaod
1014 579 1111 628 retule-

99 654 155 710 rim,
180 667 229 702 non
247 651 317 716 quod
332 647 522 720 patefecerim,
549 650 621 715 quod
638 651 793 702 cohortatus
815 651 879 708 sim,
907 651 978 717 quod
998 649 1111 716 denique

99 730 225 788 antequam
243 723 419 780 consulerem,
439 723 494 790 ipse
505 719 695 790 judicaverim.
736 722 811 784 Quae
830 722 935 779 onenia,
956 722 1019 787 quia
1041 719 1110 772 Cato

99 792 363 862 laudibrssuextulerat
381 794 409 841 iu
426 791 542 850 eoelum,
567 792 809 859 perscribendaquo
828 799 982 850 censuerat,
1011 790 1110 855 idcirce

99 865 122 913 in
146 863 196 930 ejas
219 865 375 912 sententiam
400 868 439 911 est
465 859 541 929 flecta
567 861 703 913 discessio.
721 891 724 894 ·
740 864 795 913 nio
815 862 927 915 Cassius
951 879 1058 930 quoque
1083 863 1113 912 in

98 934 114 985 l.'
126 933 265 983 XXXVII
284 951 343 1003 cap.
354 931 393 982 55
411 933 587 1008 estur-clerte
621 937 714 999 αὐτὸς
730 931 761 988 δὲ
779 933 956 1006 [ὀΚικέρων]
970 935 1029 1015 τὴν*
1042 933 1098 1000 βου
1156 933 1163 940 “

99 1003 145 1068 lio
164 1003 296 1077 videorne,
328 1005 379 1057 καὶ
397 1001 680 1078 σφᾶς·συνταράξας
698 1023 729 1058 ce
750 1009 803 1066 soi
821 1003 999 1080 ἐκφοβήσας,
1018 1012 1113 1058 'suasos
1143 1035 1146 1042 .
1210 1045 1212 1053 .
1244 1050 1246 1061 .

269 1079 282 1090 υ
697 1078 708 1089 υ

97 1075 222 1132 navares
239 1093 299 1131 our
317 1071 551 1147 συνειλημμένων
569 1092 767 1144 saracenam.

411 1255 712 1276 *nnn-nm·-

92 1435 157 1498 Car.
184 1436 211 1498 l.
253 1388 408 1524 video,
442 1443 554 1515 patres
587 1435 807 1518 conscriptur-
825 1437 861 1498 iu
889 1456 940 1496 me
971 1399 1112 1498 omnium
1142 1438 1159 1492 Ι

48 1528 157 1580 restrum
184 1541 239 1580 ora
268 1527 365 1602 atque
388 1518 500 1579 oculos
524 1539 596 1578 esse
620 1535 816 1582 convcrsbss
847 1519 943 1580 rideo
965 1541 1024 1582 vos
1046 1542 1113 1580 nnn

50 1602 125 1662 solun
144 1604 181 1662 dc
200 1611 314 1686 ¹vestro
338 1625 375 1662 ac
397 1599 611 1682 reipublicae,
633 1623 743 1662 verum
766 1604 874 1676 etiam,
897 1585 933 1662 si
944 1604 979 1663 id
998 1603 1113 1683 depul-

51 1707 96 1744 son
108 1687 155 1760 sit,
177 1687 216 1746 dc
235 1707 307 1746 meo
324 1683 471 1766 periculo
491 1706 563 1745 esse
581 1684 754 1745 sollicitos.
797 1685 859 1746 Est
875 1685 955 1746 mihi
970 1687 1113 1748 iucunda

51 1767 181 1843 innalis,
215 1777 249 1830 et
277 1777 368 1849 grata
396 1768 430 1826 in
459 1767 596 1841 dolore,
627 1776 737 1828 vestra
760 1789 835 1848 erga
862 1791 911 1827 me
940 1768 1111 1830 voluntas:
1191 1805 1194 1820 ·

54 1851 185 1925 sedeam,
215 1853 378 1936 perdens
400 1843 617 1918 immortales!
651 1872 793 1934 quaeso,
816 1851 990 1932 deponite,
1014 1860 1112 1935 atque
1190 1869 1193 1882 ·

56 1933 118 1994 obliti
137 1935 248 1996 salutis
270 1957 380 2007 meac,
418 1935 457 1994 de
489 1935 581 2014 robis
614 1955 650 1993 ac
680 1934 720 1993 de
745 1933 859 1993 liberis
882 1935 999 1996 restris
1024 1951 1114 2014 cogr·
1156 1946 1161 1964 “
1262 1940 1264 1948 ’

54 2023 104 2076 tate.
138 2013 380 2101 Mibi'quideds
409 2017 438 2077 si
459 2017 540 2098 hace
564 2016 708 2078 conditio
733 2017 919 2077 consulatus
944 2017 1019 2080 data
1041 2025 1113 2092 est,

52 2105 180 2160 utomncs
203 2100 423 2173 acerbitates,
451 2122 561 2164 omnes
585 2100 714 2161 dolores
738 2101 965 2183 cruciatusque
987 2102 1113 2181 perfer-

49 2201 107 2242 rem:
135 2181 231 2245 feram
254 2184 321 2244 uon
344 2183 448 2244 solum
468 2185 618 2256 fortiter,
641 2185 700 2242 sed
723 2184 826 2250 ctiam
846 2184 999 2263 libenter,
1023 2185 1117 2250 duma
1174 2176 1179 2197 ¹

49 2267 118 2324 nodo
146 2269 227 2327 meis
253 2266 420 2339 laboribus
453 2267 544 2328 vobis
572 2267 769 2349 populoque.
791 2267 935 2328 Romano
969 2267 1123 2348 dignitas*

49 2346 170 2432 sabaque
192 2352 347 2432 pariatur.
390 2350 460 2431 Ego
481 2366 550 2410 sum
566 2350 627 2432 ille
641 2351 768 2427 consul,
790 2359 899 2434 patres
919 2351 1111 2432 conscripti,
1142 2355 1162 2412 Ἄ

49 2429 159 2493 coinon
178 2435 302 2508 forum,
332 2434 368 2493 in
397 2456 460 2516 quo
491 2434 593 2494 omnis
622 2430 770 2520 aequitas
804 2436 1011 2509 continetur3
1048 2455 1114 2496 non

47 2531 170 2595 campus,
208 2517 436 2582 consularibus
465 2517 620 2598 auspiciis
650 2526 878 2591 consecratus,
913 2540 979 2579 non
1007 2517 1115 2594 curia,

46 2649 122 2661 —-

82 2718 102 2770 l·
124 2723 144 2790 ξ.
163 2719 189 2778 l.
225 2717 322 2780 Video.
357 2717 458 2776 Aurei.
493 2725 665 2792 Augustinus
700 2725 734 2776 de
767 2723 916 2794 Principiis
947 2723 1115 2778 Rhetoricae

45 2805 92 2856 pag.
106 2792 157 2856 527
173 2796 213 2846 ed.
231 2795 339 2865 Cappa
379 2795 486 2846 Utemur
505 2797 585 2846 etiam
600 2797 742 2865 principiis
762 2797 790 2846 in
807 2798 891 2848 bonae
906 2795 1038 2864 opinionis
1054 2813 1115 2845 oon·

45 2861 157 2920 troversiis
174 2871 219 2931 (iv
240 2865 384 2940 addaiu),
402 2865 450 2916 sed
465 2867 639 2926 breuioribus,
659 2875 686 2917 et
704 2867 875 2939 erectioribus
887 2866 993 2935 paullo,
1012 2873 1038 2916 et
1055 2883 1115 2916 con·

43 2928 177 2998 fidentibus,
196 2943 222 2986 ct
238 2937 327 3006 plenis
346 2938 497 3006 diqnitatis,
516 2939 573 2988 sine
595 2937 723 2988 'astantia
740 2937 891 2995 dumtaxat,
913 2955 945 2986 ue
963 2955 1005 2986 res
1021 2938 1117 3004 pariat

46 3001 167 3067 inun'nn;
193 3014 223 3058 ut
240 3015 301 3058 =est¹
317 3007 391 3066 illud
413 3007 484 3076 apud
501 3008 541 3061 M.
588 3009 699 3066 ullium,
730 3037 759 3048 ·—
784 3027 841 3058 oum
865 3007 898 3058 de
919 3007 1117 3076 conjuratorum

47 3074 249 3128 aniseodoersioue
268 3078 435 3144 loqueretur:
457 3078 577 3138 Video,
596 3081 628 3130 P.
646 3077 676 3132 C.
695 3081 730 3128 in
744 3097 787 3128 noc
803 3081 946 3129 omnium
961 3095 1019 3128 nes
1029 3083 1117 3127 trum

47 3157 93 3192 tra
108 3155 203 3213 atque
223 3149 345 3199 oeulos
364 3169 436 3214 csse
455 3167 660 3207 conuersos,
681 3156 707 3198 et
724 3148 855 3218 deirwops.
875 3150 1010 3200 .Temere
1029 3149 1116 3216 igitur

48 3209 246 3272 Gracrinshunc
264 3220 341 3273 verb.
360 3222 499 3281 ordinem,
527 3220 715 3272 confirmatum
732 3221 814 3280 etiam
837 3220 872 3271 ab
889 3220 1054 3288 Anonymo,
1084 3235 1117 3270 ex

47 3296 86 3332 nno
99 3285 202 3340 Francii
215 3291 312 3342 codice
327 3291 486 3344 immutavit.
591 3329 594 3337 .
777 3287 780 3322 ἶ
942 3317 962 3334 ι·
994 3317 995 3324 ¹
1041 3294 1044 3302 “
1071 3311 1077 3324 ’

89 3373 137 3406 earu
154 3389 184 3398 -
202 3360 341 3429 deponite,
360 3361 385 3412 h.
396 3381 419 3413 e.
438 3379 533 3413 curam
549 3359 819 3426 sollicitudinemque
837 3360 978 3429 deponite,
997 3353 1039 3411 uti
1053 3357 1080 3409 b.
1097 3357 1117 3408 1.

48 3422 99 3474 citat
112 3428 255 3484 Diomedes
273 3450 337 3501 pag.
352 3431 421 3483 ddi.
448 3433 500 3482 Est
517 3431 588 3482 enim
602 3430 669 3481 baec
687 3427 856 3481 constructio
874 3438 942 3506 πρὸς
958 3437 993 3486 τὸ
1012 3447 1118 3501 onpos-

48 3499 166 3572 roptvov,
194 3491 425 3571 sircanaplsora,
451 3519 502 3571 per
521 3520 600 3571 mam
615 3499 756 3561 elocutio,
784 3518 838 3552 non
865 3501 1058 3552 convenienter
1074 3516 1118 3548 re·

48 3568 175 3688 epondlcps,
202 3574 279 3624 alind
297 3574 386 3626 refert
405 3575 532 3634 occultc3
559 3579 591 3624 ut
608 3577 650 3623 cst
666 3573 739 3641 apud
762 3572 877 3623 eundem
898 3573 927 3622 in
944 3589 984 3621 or.
1002 3588 1030 3639 p.
1044 3569 1117 3620 Mur.

49 3648 93 3701 ⁰³1>-
164 3650 231 3695 extr.
409 3691 411 3698 χ
553 3651 559 3667 ’
761 3671 763 3685 .

87 3707 105 3774 ᾗ,
121 3709 146 3760 ll.
181 3714 209 3763 in
226 3731 277 3782 quo
296 3741 328 3753 —·
347 3715 503 3764 continetur.
537 3709 652 3763 Jndicia
673 3711 742 3762 cuim
765 3711 794 3763 in
819 3711 883 3762 loro
908 3710 1117 3762 exercebantur.

47 3767 260 3848 Praepositionarn
286 3782 331 3842 in,
360 3786 394 3836 de
419 3781 573 3834 Guilielsnii
596 3784 732 3834 sententia
758 3782 937 3841 a-ucnnullis
963 3781 1118 3832 editoribus

48 3842 205 3914 eliminatam,
231 3854 367 3924 probante
392 3853 553 3906 Beierorad
576 3852 637 3904 cie.
660 3853 717 3904 Oti.
735 3853 836 3912 1115,
862 3869 956 3903 omncs
981 3853 1062 3905 codd.
1090 3857 1123 3903 et·

48 3909 183 3975 Priscianus
199 3926 260 3976 XII
271 3924 339 3976 940
358 3927 421 3996 jure
441 3926 580 3985 retinent;
607 3942 722 3991 namque
745 3925 783 3974 sic
807 3922 868 3974 cie.
893 3924 927 3974 de
953 3921 1009 3972 Off.
1025 3921 1117 3972 Lacr

49 3980 185 4067 Sapiersu'a,
203 4014 281 4062 quom
297 3998 441 4065 principem
459 3995 536 4053 dixi,
561 4013 648 4046 rerum
666 4002 706 4044 est
724 3993 875 4044 divinarum
893 3994 1118 4057 dumanas-umque

49 4063 148 4132 f‘l‘ttii'a·
167 4065 194 4114 in
211 4085 263 4134 qua
283 4069 432 4117 continetur
449 4067 557 4124 deorum
574 4073 601 4116 et
618 4065 749 4116 lominum
767 4065 937 4116 conamunitos
960 4072 987 4114 et
1003 4065 1119 4114 societas
1179 4127 1181 4136 .

49 4133 105 4177 enter
120 4134 194 4200 ipsos.
228 4144 254 4190 t.
272 4156 299 4206 p.
319 4137 391 4190 Mur.
411 4137 434 4206 5.
454 4137 502 4188 51.

90 4204 180 4258 consul.
194 4209 328 4279 auspiciis.
367 4207 437 4261 Cum
461 4225 552 4262 omnes
572 4208 748 4274 magistratus
773 4205 915 4272 auspicato
940 4209 1119 4258 crearentur,

51 4267 95 4316 ¹¹1¹ss
118 4277 222 4330 maxime
258 4279 384 4331 consules
416 4285 556 4332 certorum
586 4279 770 4347 auspiciorum
803 4276 859 4326 ritu
882 4274 1119 4342 designabantur.

52 4331 159 4396 tatros.
174 4347 351 4404 scholiastes.
362 4379 402 4402 .·-
439 4347 561 4402 Comitia
577 4349 749 4406 eenbsriata,
773 4346 826 4397 nist
841 4345 1004 4415 auspicato,
1021 4340 1121 4396 baberi
