2766 5018
255 407 256 412 κ
365 380 460 436 nno
488 378 525 452 o.
550 377 777 436 urosnro.
1040 383 1123 462 425

45 567 149 631 parere
163 549 289 610 senatui
311 569 447 612 neeesse
463 557 545 610 erat:
575 569 634 611 ros
650 557 719 610 tum
734 548 909 630 paruistis,
930 568 1002 610 cnm
1015 550 1124 632 paruit

46 653 139 706 nemo,
161 631 216 714 qui
235 631 349 694 noluit.-
374 631 591 713 Reprehendo
608 633 734 711 igitur?
753 632 884 692 minime
897 654 983 694 vero.
1017 655 1124 716 neque

46 715 121 774 enim
144 713 242 776 licuit
267 715 363 775 aliter
391 722 500 778 vestro
528 716 658 796 generi,
693 716 834 788 nomini,
865 715 1023 788 familiae,
1056 717 1122 775 dis-

46 797 182 878 cipliuae.
227 798 431 859 sedhoonon
443 799 601 873 concedo,
623 807 671 870 ut,
716 799 809 859 uibus
825 799 921 859 rebus
940 798 1122 879 gloriemini

44 880 74 940 in
93 880 202 953 vobis,
224 880 353 942 easdem
378 882 412 940 in
441 880 513 942 aliis
539 821 796 963 reprehenlatis.
840 881 1023 944 Tuberonis
1050 884 1168 941 sursit

47 962 183 1024 coniecta
207 970 259 1024 eet
292 985 332 1024 ex
356 965 662 1038 senatusconsulto,
697 987 768 1026 cum
792 964 864 1046 ipso
884 984 949 1025 non
972 963 1122 1036 adesset,
1186 963 1189 968 ’

46 1047 144 1109 morbo
167 1046 265 1128 etiam
285 1047 513 1128 impediretur-z
545 1056 706 1110 statuerat
734 1066 899 1108 excusare.
942 1044 1034 1106 Haeo
1062 1068 1121 1128 ego

47 1129 111 1189 novi
136 1137 272 1210 propter
297 1151 407 1191 omnes
432 1131 714 1204 necessitudines,
744 1153 824 1214 quae
848 1129 926 1190 mihi
950 1138 1025 1191 sunt
1051 1151 1123 1190 oum

47 1211 78 1270 Ia
103 1212 301 1288 Tuberone,
332 1213 417 1274 domi
442 1236 504 1273 una
530 1213 667 1287 eruditi,
697 1213 832 1274 militiae
853 1211 1121 1285 contubernales,

46 1303 110 1372 post
140 1297 271 1368 affines,
307 1297 342 1356 in
372 1296 458 1357 omni
486 1296 625 1379 denique
649 1297 715 1358 vita
747 1296 931 1358 familiares.
974 1315 1121 1376 magnum

49 1377 129 1438 etiam
148 1377 333 1454 vinealem,
365 1379 452 1462 quod
479 1379 595 1440 iisdem
622 1381 739 1442 studiis
769 1401 895 1461 semper
925 1377 977 1439 usi
1001 1399 1120 1438 sumus.

49 1459 111 1520 Soio
141 1461 244 1542 igitur
278 1462 482 1523 Tuberonem
516 1463 601 1524 domi
632 1485 760 1524 manere
788 1463 950 1524 voluisse:
985 1460 1043 1522 sed
1074 1461 1121 1522 ita

44 1542 158 1623 qnidam
174 1567 177 1572 Δ
195 1545 312 1625 agebat
323 1544 373 1628 ¹),
390 1563 393 1568 ’
413 1546 459 1606 ita
492 1545 692 1626 reipublicae
730 1546 969 1608 sanctissimum
1005 1565 1122 1605 nomen

46 1627 237 1704 opponebat,
269 1637 321 1704 ut,
353 1628 478 1689 etiamsi
503 1628 597 1688 aliter
622 1631 778 1702 sentiret,
816 1629 984 1691 verborum
1015 1636 1122 1688 tamen

1015 1767 1016 1772 ¹
1021 1765 1118 1777 ...ι-η

90 1828 115 1898 I)
132 1832 234 1884 aiebat.

45 1949 165 1964 *—

88 2021 107 2088 ᾗ.
125 2021 171 2076 VI.
209 2030 345 2074 statuerat
361 2039 497 2084 excusare,
516 2043 552 2080 so.
568 2026 700 2078 norhum.
719 2025 782 2077 Par.
797 2023 827 2077 9.
840 2027 868 2077 iu
880 2041 967 2092 marg.
983 2025 1026 2077 ecl.
1040 2023 1118 2076 Rom.

47 2087 106 2140 01¹.
123 2111 149 2143 se
167 2112 316 2154 exornare,-
342 2095 431 2147 Venn.
451 2115 507 2146 exc.
525 2115 561 2146 sc.
604 2096 706 2149 Obrnes
730 2102 819 2147 autem
842 2095 922 2146 Parc.
947 2097 1033 2147 ΒΜ.
1054 2094 1118 2146 Eris
1213 2153 1215 2158 ,

47 2163 169 2231 ceterique
186 2165 299 2216 codices
316 2166 442 2218 omittunt
458 2183 626 2235 pronomen,
655 2168 735 2218 etiam
748 2168 777 2218 in
791 2167 851 2218 aliis
866 2167 935 2216 locis
949 2185 966 2216 a
985 2166 1117 2234 glossato-

48 2229 108 2282 ribus
129 2234 271 2295 additum
303 2251 329 2286 r.
349 2253 371 2286 e.
389 2236 462 2287 Phil.
477 2236 523 2286 lx
537 2235 558 2288 4
571 2255 631 2306 pn:
671 2237 752 2300 Qnem
770 2256 826 2288 cnm
843 2235 968 2288 videretis
986 2255 1017 2288 re
1033 2237 1116 2306 napis

48 2303 158 2363 moriam,
185 2323 267 2372 queam
293 2308 412 2357 oratione
439 2315 619 2374 excusantem,
647 2308 696 2359 ubi
717 2308 824 2376 vulgati
839 2307 957 2361 babent:
986 2325 1015 2358 se
1033 2305 1117 2377 cuspis

46 2373 118 2423 norbo
132 2382 180 2428 etc.
217 2375 296 2426 VIII
315 2375 349 2426 Is
366 2379 390 2428 is
408 2377 511 2443 quidem
527 2407 559 2417 -
574 2381 799 2448 propinquitatem
814 2381 960 2430 exarmavit.

87 2461 165 2496 omnes
183 2463 281 2514 necess.
318 2446 363 2496 Ita
385 2464 474 2498 omnes
495 2448 575 2498 Pare.
592 2449 680 2502 Arcb.
702 2450 769 2502 Bar.
787 2450 849 2499 Eri.
868 2448 939 2499 Oxx.
958 2447 1017 2499 edd.
1037 2445 1117 2496 Rom.

42 2506 117 2568 Venn.
133 2517 185 2568 uisi
204 2517 322 2586 quadiu
337 2516 416 2568 Parr.
437 2517 463 2568 1.
479 2517 506 2568 2.
524 2517 551 2569 li.
566 2516 593 2570 6.
620 2525 701 2588 atque
724 2520 753 2568 in
776 2519 887 2586 antiquo
904 2518 1026 2572 Victorii
1043 2516 1118 2566 libro

41 2604 89 2658 lois
103 2611 233 2679 scripturn
247 2615 296 2664 est.
333 2610 403 2661 Ven.
421 2628 507 2678 marg.
523 2611 648 2678 aliaeque
662 2613 722 2663 aad.
733 2619 846 2682 propter
866 2621 1009 2662 communes
1031 2621 1118 2659 neces·

41 2678 164 2733 situdiaes.
201 2681 394 2740 Romaanus,
413 2681 457 2732 oui
473 2687 508 2738 τὸ
527 2698 613 2732 omnes
627 2699 724 2732 necess.
742 2683 859 2733 tolerari
875 2700 929 2732 non
945 2697 1025 2750 posse
1043 2681 1117 2730 vide·

41 2743 120 2809 batur,
139 2751 263 2821 conjecit
275 2750 419 2818 corraplares
432 2767 529 2801 necess.
565 2752 606 2803 At
623 2751 682 2803 Gic.
701 2753 737 2802 ad
751 2753 824 2804 Fam.
840 2753 919 2804 XIII
936 2751 989 2804 122
1016 2749 1049 2812 Q·
1063 2748 1116 2798 Fu·-

39 2815 115 2884 fidins,
133 2838 243 2890 quocum
257 2821 322 2870 mibi
337 2839 421 2871 omnes
440 2821 643 2872 necessitudines
658 2831 725 2873 sant.
762 2841 789 2892 p.
806 2823 883 2874 Sext.
901 2822 954 2874 II:
980 2821 1018 2872 M.
1037 2816 1116 2869 Cras·

40 2903 91 2946 ans,
109 2909 218 2956 quocum
235 2891 298 2940 mibi
315 2899 392 2940 erant
409 2907 495 2941 omncs
511 2894 645 2943 amicitiae
658 2893 869 2944 neeessihaeic'nes.

83 2961 208 3020 militiae,
229 2961 457 3022 bello-Marsico,
476 2963 504 3012 in
522 2977 575 3032 qno
593 2965 674 3014 etiam
690 2964 856 3015 Hortensius
872 2963 965 3020 miles,
986 2960 1048 3010 dein
1066 2959 1116 3009 tri·

40 3020 115 3081 bunne
134 3034 251 3083 militum
272 3032 333 3085 init.
370 3033 449 3084 Brut.
465 3031 506 3084 89
520 3052 564 3102 pr.
584 3033 857 3086 v.1‘1ut.cic.5.-
875 3033 973 3104 affines.
1002 3028 1115 3080 Schola

40 3097 93 3158 quia
109 3119 225 3154 sororem
241 3099 376 3152 Ciceronis
393 3102 496 3156 babuit.
544 3121 545 3126 ¹
982 3167 984 3170 Ι
1049 3170 1055 3182 ,

38 3187 406 3298 a.
425 3168 1117 3314 serasera=.:;222em.rna

38 3304 129 3362 diorum
142 3329 282 3377 earumque
297 3313 413 3370 artium,
439 3329 506 3377 qnae
520 3329 611 3380 perrse
627 3313 700 3380 ipsae
718 3327 778 3370 eos,
806 3313 852 3378 qni
867 3312 1005 3362 calcentate
1026 3309 1116 3360 saeiern

38 3387 103 3437 Mt,
121 3385 200 3434 etiam
212 3381 402 3450 familiaritate
418 3380 578 3432 devinciunt.
614 3397 639 3434 v.
657 3381 749 3432 XVI
767 3387 794 3433 et
813 3381 859 3433 II.
1147 3441 1151 3450 Ι

83 3453 187 3515 quictem
205 3455 303 3524 aqcbat
321 3477 352 3494 -ι-
375 3455 528 3522 opponebat.
565 3451 617 3503 Est
641 3449 693 3503 boo
718 3453 751 3504 ab
768 3453 876 3506 Erfurt.
895 3450 997 3505 etPar.
1017 3448 1064 3501 II.
1084 3455 1116 3500 ut
1147 3486 1152 3496 .

37 3518 76 3566 vel
91 3520 177 3583 (lato,
197 3524 243 3575 vel
255 3525 314 3592 ipse
334 3522 385 3574 Cn.
399 3524 543 3592 Pompeius
561 3523 702 3576 subaudiri
716 3524 810 3592 possit.
846 3525 887 3574 Aa
901 3523 980 3572 Parr.
999 3518 1025 3569 I.
1040 3519 1068 3570 9.
1086 3517 1117 3574 ὅ.

37 3581 63 3636 t.
75 3587 100 3641 t.
114 3593 141 3644 e.
160 3594 187 3644 a.
202 3589 369 3664 [asperam]
391 3593 419 3646 o.
438 3595 484 3646 ro.
502 3595 547 3646 re.
563 3594 629 3646 nav.
648 3590 1026 3662 osx.earr.sraqae1nn=
1054 3604 1115 3658 aqa-

37 3651 93 3708 lant
110 3692 140 3702 -
161 3666 325 3734 opponebant
351 3665 504 3732 [cd.llom.
524 3664 597 3716 011.
616 3666 811 3733 opponebatur.
838 3665 909 3715 Ven.
933 3657 1013 3714 1499
1036 3675 1114 3727 eppo·
1213 3719 1216 3726 ⁴

37 3727 139 3798 ΜΠ,
159 3735 220 3788 scil.
237 3737 389 3804 optimates.
417 3735 465 3786 Sic
484 3735 596 3786 Coelius
610 3737 639 3785 in
652 3753 693 3805 ep.
712 3737 747 3787 ad
762 3736 822 3787 Cio.
839 3735 929 3804 [Fam.
945 3729 1022 3780 VIII
1039 3729 1113 3798 16]=

40 3793 133 3856 Quone
155 3813 182 3855 tc
205 3823 281 3856 voces
306 3807 469 3874 optimatium
494 3814 666 3864 commouent,
694 3834 724 3846 -
752 3807 840 3876 stipas.
858 3801 968 3870 aliquod
992 3800 1115 3869 oppidum

37 3879 136 3922 vacuum
150 3893 168 3926 a
184 3877 262 3926 belle.
298 3877 384 3927 Pauci
403 3877 549 3929 deterioris
563 3883 644 3930 notae
660 3876 744 3936 libri,
771 3883 802 3927 ut
817 3875 881 3926 Par.
897 3874 925 3925 9.
943 3871 1030 3924 Arob.
1049 3870 1113 3922 Col.

38 3933 103 3990 ⁰11.
126 3944 196 3996 Ven.
220 3945 299 3998 1497
323 3948 481 3999 ciebant-
503 3949 674 4019 opponebant.
711 3945 805 3997 Lamb.
828 3945 946 4016 conjecit
968 3943 1113 4012 serpebant,

38 4011 223 4070 quodnecesse
238 4035 292 4067 nun
308 4024 364 4078 esta
392 4020 500 4087 saepius
516 4019 585 4070 enim
601 4035 681 4090 apere
693 4034 745 4086 pro
759 4016 861 4074 eiicere,
884 4015 1048 4084 disceptare,
1067 4013 1112 4062 im-

35 4077 125 4140 Icilere
139 4093 295 4156 usurpatur.
330 4087 405 4139 Fam.
423 4088 467 4140 IV
480 4089 514 4140 22
549 4089 602 4139 IIis
615 4089 781 4158 placuit‚'·ut
794 4094 823 4136 tn
838 4090 866 4138 in
883 4085 1026 4136 Gauranum
1041 4083 1112 4132 ceni·

38 4159 88 4226 {⁶⁸³
114 4157 182 4220 quod
205 4160 285 4210 etiam
306 4176 401 4210 mecum
422 4167 452 4208 nt
475 4160 512 4209 ad
532 4166 557 4209 te
580 4161 719 4210 scriberem
740 4165 857 4228 sperneret.
877 4187 904 4198 -
938 4153 1111 4207 Vocabulum

38 4227 158 4284 ΨΜΜ,
178 4230 251 4296 quoti
266 4229 391 4280 nonnulli
408 4230 444 4280 ad
457 4247 588 4298 personas
604 4230 744 4286 referunt,
764 4227 842 4280 abest
856 4247 872 4278 a
887 4227 967 4278 Pare.
988 4225 1014 4277 l.
1032 4221 1059 4274 b.
1078 4250 1110 4266 -·-

39 4283 112 4342 Grae.
129 4295 161 4348 11
182 4298 235 4361 II,
255 4299 309 4352 '152
346 4300 468 4352 Οηιηίιιιη
483 4303 669 4352 sententiarum
682 4298 833 4366 pravitate,
851 4295 1110 4351 ornamentorum

38 4361 185 4422 Ptueleribns
203 4378 242 4422 est
259 4370 391 4423 utendum.
426 4389 451 4426 r.
469 4371 539 4423 lIor.
557 4371 646 4442 Epist.
661 4369 692 4420 Il
707 4367 744 4427 5,
763 4367 832 4421 519.
