<?xml version="1.0" encoding="UTF-8"?>
<!DOCTYPE html PUBLIC "-//W3C//DTD XHTML 1.0 Transitional//EN"
    "http://www.w3.org/TR/xhtml1/DTD/xhtml1-transitional.dtd">
<html xmlns="http://www.w3.org/1999/xhtml" xml:lang="en" lang="en">
 <head>
  <title>
</title>
<meta http-equiv="Content-Type" content="text/html;charset=utf-8" />
  <meta name='ocr-system' content='tesseract 3.04.00' />
  <meta name='ocr-capabilities' content='ocr_page ocr_carea ocr_par ocr_line ocrx_word'/>
</head>
<body>
  <div class='ocr_page' id='page_1' title='image "./mtulliiciceroni67cicegoog/mtulliiciceroni67cicegoog_0064.png"; bbox 0 0 2854 5024; ppageno 0'>
   <div class='ocr_carea' id='block_1_1' title="bbox 228 367 1175 466">
    <p class='ocr_par' dir='ltr' id='par_1_1' title="bbox 228 367 1175 466">
     <span class='ocr_line' id='line_1_1' title="bbox 228 367 1175 466; baseline 0.003 -36"><span class='ocrx_word' id='word_1_1' title='bbox 228 397 231 410; x_wconf 58' lang='grc' dir='ltr'>ι</span> <span class='ocrx_word' id='word_1_2' title='bbox 330 376 411 432; x_wconf 85' lang='lat' dir='ltr'><strong>ruo</strong></span> <span class='ocrx_word' id='word_1_3' title='bbox 431 377 519 433; x_wconf 79' lang='lat' dir='ltr'><strong>sex.</strong></span> <span class='ocrx_word' id='word_1_4' title='bbox 537 376 691 433; x_wconf 84' lang='lat' dir='ltr'><strong>nosoro</strong></span> <span class='ocrx_word' id='word_1_5' title='bbox 709 375 909 432; x_wconf 77' lang='lat' dir='ltr'><strong>susurro.</strong></span> <span class='ocrx_word' id='word_1_6' title='bbox 1119 367 1175 466; x_wconf 75' lang='lat'><strong>55</strong></span> 
     </span>
    </p>
   </div>
   <div class='ocr_carea' id='block_1_2' title="bbox 7 547 1252 1714">
    <p class='ocr_par' dir='ltr' id='par_1_2' title="bbox 7 547 1252 1714">
     <span class='ocr_line' id='line_1_2' title="bbox 74 547 1176 630; baseline -0.009 -18"><span class='ocrx_word' id='word_1_7' title='bbox 74 552 101 612; x_wconf 86' lang='lat' dir='ltr'><strong>si</strong></span> <span class='ocrx_word' id='word_1_8' title='bbox 122 550 272 623; x_wconf 86' lang='lat' dir='ltr'><strong>diceret,</strong></span> <span class='ocrx_word' id='word_1_9' title='bbox 292 567 359 614; x_wconf 87' lang='lat' dir='ltr'><strong>non</strong></span> <span class='ocrx_word' id='word_1_10' title='bbox 382 547 583 610; x_wconf 78' lang='lat' dir='ltr'>crederetur.</span> <span class='ocrx_word' id='word_1_11' title='bbox 625 547 873 619; x_wconf 69' lang='lat' dir='ltr'><strong>videmusne,</strong></span> <span class='ocrx_word' id='word_1_12' title='bbox 908 565 1001 630; x_wconf 83' lang='lat' dir='ltr'><strong>quam</strong></span> <span class='ocrx_word' id='word_1_13' title='bbox 1022 559 1119 604; x_wconf 76' lang='lat' dir='ltr'><strong>versa</strong></span> <span class='ocrx_word' id='word_1_14' title='bbox 1141 547 1176 602; x_wconf 91' lang='lat' dir='ltr'><strong>et</strong></span> 
     </span>
     <span class='ocr_line' id='line_1_3' title="bbox 73 625 1174 716; baseline -0.011 -20"><span class='ocrx_word' id='word_1_15' title='bbox 73 643 196 696; x_wconf 82' lang='lat' dir='ltr'><strong>mutata</strong></span> <span class='ocrx_word' id='word_1_16' title='bbox 218 633 253 694; x_wconf 91' lang='lat' dir='ltr'><strong>in</strong></span> <span class='ocrx_word' id='word_1_17' title='bbox 272 631 417 714; x_wconf 86' lang='lat' dir='ltr'><strong>peiorem</strong></span> <span class='ocrx_word' id='word_1_18' title='bbox 438 640 564 716; x_wconf 84' lang='lat' dir='ltr'><strong>partem</strong></span> <span class='ocrx_word' id='word_1_19' title='bbox 585 631 652 693; x_wconf 92' lang='lat' dir='ltr'><strong>sint</strong></span> <span class='ocrx_word' id='word_1_20' title='bbox 674 632 790 694; x_wconf 86' lang='lat' dir='ltr'><strong>omnia.</strong></span> <span class='ocrx_word' id='word_1_21' title='bbox 835 632 918 692; x_wconf 78' lang='lat' dir='ltr'><strong>Cum</strong></span> <span class='ocrx_word' id='word_1_22' title='bbox 949 628 989 688; x_wconf 89' lang='lat' dir='ltr'><strong>de</strong></span> <span class='ocrx_word' id='word_1_23' title='bbox 1018 625 1114 688; x_wconf 89' lang='lat' dir='ltr'><strong>bouis</strong></span> <span class='ocrx_word' id='word_1_24' title='bbox 1140 633 1174 684; x_wconf 89' lang='lat' dir='ltr'><strong>ct</strong></span> 
     </span>
     <span class='ocr_line' id='line_1_4' title="bbox 74 709 1175 795; baseline -0.012 -16"><span class='ocrx_word' id='word_1_25' title='bbox 74 721 113 779; x_wconf 92' lang='lat' dir='ltr'><strong>de</strong></span> <span class='ocrx_word' id='word_1_26' title='bbox 143 717 244 778; x_wconf 83' lang='lat' dir='ltr'><strong>ccede</strong></span> <span class='ocrx_word' id='word_1_27' title='bbox 277 724 412 795; x_wconf 77' lang='lat' dir='ltr'><strong>agatur,</strong></span> <span class='ocrx_word' id='word_1_28' title='bbox 452 715 675 777; x_wconf 86' lang='lat' dir='ltr'><strong>testimonium</strong></span> <span class='ocrx_word' id='word_1_29' title='bbox 707 715 855 775; x_wconf 86' lang='lat' dir='ltr'><strong>dicturus</strong></span> <span class='ocrx_word' id='word_1_30' title='bbox 887 721 940 773; x_wconf 92' lang='lat' dir='ltr'><strong>est</strong></span> <span class='ocrx_word' id='word_1_31' title='bbox 968 711 1022 783; x_wconf 88' lang='lat' dir='ltr'><strong>is,</strong></span> <span class='ocrx_word' id='word_1_32' title='bbox 1055 709 1110 794; x_wconf 91' lang='lat' dir='ltr'><strong>qui</strong></span> <span class='ocrx_word' id='word_1_33' title='bbox 1141 716 1175 767; x_wconf 91' lang='lat' dir='ltr'><strong>et</strong></span> 
     </span>
     <span class='ocr_line' id='line_1_5' title="bbox 75 793 1187 881; baseline -0.012 -19"><span class='ocrx_word' id='word_1_34' title='bbox 75 810 182 864; x_wconf 88' lang='lat' dir='ltr'><strong>sector</strong></span> <span class='ocrx_word' id='word_1_35' title='bbox 206 807 256 860; x_wconf 90' lang='lat' dir='ltr'><strong>est</strong></span> <span class='ocrx_word' id='word_1_36' title='bbox 279 807 312 860; x_wconf 91' lang='lat' dir='ltr'><strong>et</strong></span> <span class='ocrx_word' id='word_1_37' title='bbox 334 798 492 860; x_wconf 83' lang='lat' dir='ltr'><strong>sicarius:</strong></span> <span class='ocrx_word' id='word_1_38' title='bbox 536 798 597 861; x_wconf 92' lang='lat' dir='ltr'><strong>boc</strong></span> <span class='ocrx_word' id='word_1_39' title='bbox 620 806 692 870; x_wconf 89' lang='lat' dir='ltr'><strong>est,</strong></span> <span class='ocrx_word' id='word_1_40' title='bbox 737 798 792 881; x_wconf 88' lang='lat' dir='ltr'><strong>qui</strong></span> <span class='ocrx_word' id='word_1_41' title='bbox 824 806 857 857; x_wconf 92' lang='lat' dir='ltr'><strong>et</strong></span> <span class='ocrx_word' id='word_1_42' title='bbox 878 795 1011 857; x_wconf 89' lang='lat' dir='ltr'><strong>illorum</strong></span> <span class='ocrx_word' id='word_1_43' title='bbox 1030 793 1187 874; x_wconf 71' lang='lat' dir='ltr'><strong>ipsorumv</strong></span> 
     </span>
     <span class='ocr_line' id='line_1_6' title="bbox 73 882 1174 964; baseline -0.011 -19"><span class='ocrx_word' id='word_1_44' title='bbox 73 887 248 955; x_wconf 86' lang='lat' dir='ltr'><strong>bonorum,</strong></span> <span class='ocrx_word' id='word_1_45' title='bbox 271 883 320 942; x_wconf 69' lang='lat' dir='ltr'><strong>&#39;de</strong></span> <span class='ocrx_word' id='word_1_46' title='bbox 344 882 462 964; x_wconf 87' lang='lat' dir='ltr'><strong>quibus</strong></span> <span class='ocrx_word' id='word_1_47' title='bbox 485 883 611 962; x_wconf 73' lang='lat' dir='ltr'><strong>agitur,</strong></span> <span class='ocrx_word' id='word_1_48' title='bbox 643 891 769 964; x_wconf 88' lang='lat' dir='ltr'><strong>emptor</strong></span> <span class='ocrx_word' id='word_1_49' title='bbox 792 887 889 963; x_wconf 86' lang='lat' dir='ltr'><strong>atque</strong></span> <span class='ocrx_word' id='word_1_50' title='bbox 911 898 1087 960; x_wconf 84' lang='lat' dir='ltr'><strong>possessor</strong></span> <span class='ocrx_word' id='word_1_51' title='bbox 1110 882 1174 946; x_wconf 90' lang='lat' dir='ltr'><strong>est,</strong></span> 
     </span>
     <span class='ocr_line' id='line_1_7' title="bbox 65 961 1172 1038; baseline -0.01 -10"><span class='ocrx_word' id='word_1_52' title='bbox 65 978 106 1028; x_wconf 78' lang='lat' dir='ltr'><strong>,et</strong></span> <span class='ocrx_word' id='word_1_53' title='bbox 135 989 206 1028; x_wconf 86' lang='lat' dir='ltr'><strong>enm</strong></span> <span class='ocrx_word' id='word_1_54' title='bbox 236 965 398 1026; x_wconf 87' lang='lat' dir='ltr'><strong>homiuem</strong></span> <span class='ocrx_word' id='word_1_55' title='bbox 431 965 646 1026; x_wconf 86' lang='lat' dir='ltr'><strong>occidendum</strong></span> <span class='ocrx_word' id='word_1_56' title='bbox 681 964 825 1038; x_wconf 82' lang='lat' dir='ltr'><strong>curavit,</strong></span> <span class='ocrx_word' id='word_1_57' title='bbox 869 962 910 1023; x_wconf 91' lang='lat' dir='ltr'><strong>de</strong></span> <span class='ocrx_word' id='word_1_58' title='bbox 943 961 1035 1022; x_wconf 87' lang='lat' dir='ltr'><strong>cuius</strong></span> <span class='ocrx_word' id='word_1_59' title='bbox 1068 966 1172 1018; x_wconf 86' lang='lat' dir='ltr'><strong>morte</strong></span> 
     </span>
     <span class='ocr_line' id='line_1_8' title="bbox 74 1032 1243 1132; baseline -0.012 -18"><span class='ocrx_word' id='word_1_60' title='bbox 74 1051 247 1132; x_wconf 84' lang='lat' dir='ltr'><strong>quaeritur.</strong></span> <span class='ocrx_word' id='word_1_61' title='bbox 293 1049 382 1124; x_wconf 83' lang='lat' dir='ltr'><strong>Quid</strong></span> <span class='ocrx_word' id='word_1_62' title='bbox 409 1056 465 1121; x_wconf 89' lang='lat' dir='ltr'><strong>tu,</strong></span> <span class='ocrx_word' id='word_1_63' title='bbox 503 1048 551 1108; x_wconf 87' lang='lat' dir='ltr'><strong>vir</strong></span> <span class='ocrx_word' id='word_1_64' title='bbox 583 1048 729 1130; x_wconf 82' lang='lat' dir='ltr'><strong>optime?</strong></span> <span class='ocrx_word' id='word_1_65' title='bbox 768 1046 888 1129; x_wconf 87' lang='lat' dir='ltr'><strong>ecquid</strong></span> <span class='ocrx_word' id='word_1_66' title='bbox 920 1040 1046 1117; x_wconf 77' lang='lat' dir='ltr'><strong>babes),</strong></span> <span class='ocrx_word' id='word_1_67' title='bbox 1075 1032 1243 1124; x_wconf 63' lang='lat' dir='ltr'><strong>&#39;qucum</strong></span> 
     </span>
     <span class='ocr_line' id='line_1_9' title="bbox 7 1130 1172 1212; baseline -0.008 -17"><span class='ocrx_word' id='word_1_68' title='bbox 7 1197 8 1204; x_wconf 36' lang='lat'><strong>,</strong></span> <span class='ocrx_word' id='word_1_69' title='bbox 66 1135 188 1210; x_wconf 79' lang='lat' dir='ltr'><strong>dieas?</strong></span> <span class='ocrx_word' id='word_1_70' title='bbox 210 1133 290 1194; x_wconf 85' lang='lat' dir='ltr'><strong>mibi</strong></span> <span class='ocrx_word' id='word_1_71' title='bbox 313 1131 478 1192; x_wconf 81' lang='lat' dir='ltr'><strong>ausculta:</strong></span> <span class='ocrx_word' id='word_1_72' title='bbox 501 1130 598 1204; x_wconf 80' lang='lat' dir='ltr'><strong>side,</strong></span> <span class='ocrx_word' id='word_1_73' title='bbox 620 1155 660 1193; x_wconf 90' lang='lat' dir='ltr'><strong>nc</strong></span> <span class='ocrx_word' id='word_1_74' title='bbox 683 1130 745 1194; x_wconf 88' lang='lat' dir='ltr'><strong>tibi</strong></span> <span class='ocrx_word' id='word_1_75' title='bbox 767 1131 866 1191; x_wconf 87' lang='lat' dir='ltr'><strong>desis.</strong></span> <span class='ocrx_word' id='word_1_76' title='bbox 888 1137 945 1189; x_wconf 87' lang='lat' dir='ltr'><strong>tua</strong></span> <span class='ocrx_word' id='word_1_77' title='bbox 968 1135 1096 1212; x_wconf 74' lang='lat' dir='ltr'><strong>quoquc</strong></span> <span class='ocrx_word' id='word_1_78' title='bbox 1119 1147 1172 1186; x_wconf 90' lang='lat' dir='ltr'><strong>res</strong></span> 
     </span>
     <span class='ocr_line' id='line_1_10' title="bbox 75 1208 1174 1298; baseline -0.007 -20"><span class='ocrx_word' id='word_1_79' title='bbox 75 1239 245 1298; x_wconf 80' lang='lat' dir='ltr'><strong>permagna</strong></span> <span class='ocrx_word' id='word_1_80' title='bbox 268 1216 385 1295; x_wconf 76' lang='lat' dir='ltr'><strong>agitur.</strong></span> <span class='ocrx_word' id='word_1_81' title='bbox 412 1213 514 1275; x_wconf 88' lang='lat' dir='ltr'><strong>multa</strong></span> <span class='ocrx_word' id='word_1_82' title='bbox 536 1214 716 1286; x_wconf 88' lang='lat' dir='ltr'><strong>scelerate,</strong></span> <span class='ocrx_word' id='word_1_83' title='bbox 738 1213 840 1276; x_wconf 87' lang='lat' dir='ltr'><strong>multa</strong></span> <span class='ocrx_word' id='word_1_84' title='bbox 862 1212 1036 1286; x_wconf 76' lang='lat' dir='ltr'><strong>audacter,</strong></span> <span class='ocrx_word' id='word_1_85' title='bbox 1072 1208 1174 1270; x_wconf 81' lang='lat' dir='ltr'><strong>multa</strong></span> 
     </span>
     <span class='ocr_line' id='line_1_11' title="bbox 7 1293 1174 1382; baseline -0.008 -21"><span class='ocrx_word' id='word_1_86' title='bbox 7 1305 9 1376; x_wconf 79' lang='lat' dir='ltr'><strong>j</strong></span> <span class='ocrx_word' id='word_1_87' title='bbox 76 1302 216 1382; x_wconf 79' lang='lat' dir='ltr'><strong>improbe</strong></span> <span class='ocrx_word' id='word_1_88' title='bbox 238 1293 369 1360; x_wconf 71' lang='lat' dir='ltr'><strong>iecisti:</strong></span> <span class='ocrx_word' id='word_1_89' title='bbox 401 1319 498 1358; x_wconf 89' lang='lat' dir='ltr'><strong>uuum</strong></span> <span class='ocrx_word' id='word_1_90' title='bbox 526 1299 743 1371; x_wconf 87' lang='lat' dir='ltr'><strong>stultissime,</strong></span> <span class='ocrx_word' id='word_1_91' title='bbox 775 1296 927 1378; x_wconf 87' lang='lat' dir='ltr'><strong>profecto</strong></span> <span class='ocrx_word' id='word_1_92' title='bbox 956 1303 1012 1358; x_wconf 83' lang='lat' dir='ltr'><strong>tna</strong></span> <span class='ocrx_word' id='word_1_93' title='bbox 1035 1301 1174 1374; x_wconf 83' lang='lat' dir='ltr'><strong>sponte,</strong></span> 
     </span>
     <span class='ocr_line' id='line_1_12' title="bbox 7 1375 1252 1464; baseline -0.009 -19"><span class='ocrx_word' id='word_1_94' title='bbox 7 1391 8 1458; x_wconf 59' lang='lat'><em>3</em></span> <span class='ocrx_word' id='word_1_95' title='bbox 77 1385 199 1444; x_wconf 91' lang='lat' dir='ltr'><strong>nonde</strong></span> <span class='ocrx_word' id='word_1_96' title='bbox 224 1381 338 1444; x_wconf 83' lang='lat' dir='ltr'><strong>Erucii</strong></span> <span class='ocrx_word' id='word_1_97' title='bbox 360 1376 545 1442; x_wconf 80' lang='lat' dir='ltr'><strong>sententia:</strong></span> <span class='ocrx_word' id='word_1_98' title='bbox 568 1381 924 1464; x_wconf 82' lang='lat' dir='ltr'><strong>nibilopussuit,&#39;tc</strong></span> <span class='ocrx_word' id='word_1_99' title='bbox 947 1379 1024 1440; x_wconf 88' lang='lat' dir='ltr'><strong>istic</strong></span> <span class='ocrx_word' id='word_1_100' title='bbox 1047 1375 1175 1438; x_wconf 78' lang='lat' dir='ltr'><strong>sedere.</strong></span> <span class='ocrx_word' id='word_1_101' title='bbox 1250 1376 1252 1389; x_wconf 83' lang='lat'>&#39;</span> 
     </span>
     <span class='ocr_line' id='line_1_13' title="bbox 7 1459 1175 1552; baseline -0.007 -26"><span class='ocrx_word' id='word_1_102' title='bbox 7 1459 9 1536; x_wconf 53' lang='lat' dir='ltr'>f</span> <span class='ocrx_word' id='word_1_103' title='bbox 78 1469 185 1552; x_wconf 80' lang='lat' dir='ltr'><strong>Neque</strong></span> <span class='ocrx_word' id='word_1_104' title='bbox 208 1467 295 1526; x_wconf 87' lang='lat' dir='ltr'><strong>enim</strong></span> <span class='ocrx_word' id='word_1_105' title='bbox 318 1473 511 1526; x_wconf 76' lang='lat' dir='ltr'><strong>accusatore</strong></span> <span class='ocrx_word' id='word_1_106' title='bbox 534 1474 647 1537; x_wconf 67' lang='lat' dir='ltr'><strong>mutet</strong></span> <span class='ocrx_word' id='word_1_107' title='bbox 679 1486 785 1547; x_wconf 86' lang='lat' dir='ltr'><strong>neque</strong></span> <span class='ocrx_word' id='word_1_108' title='bbox 807 1471 895 1526; x_wconf 87' lang='lat' dir='ltr'><strong>teste</strong></span> <span class='ocrx_word' id='word_1_109' title='bbox 918 1463 1089 1546; x_wconf 85' lang='lat' dir='ltr'><strong>quisquam</strong></span> <span class='ocrx_word' id='word_1_110' title='bbox 1110 1460 1175 1519; x_wconf 90' lang='lat' dir='ltr'><strong>nti-</strong></span> 
     </span>
     <span class='ocr_line' id='line_1_14' title="bbox 78 1544 1174 1632; baseline -0.006 -22.426"><span class='ocrx_word' id='word_1_111' title='bbox 78 1558 128 1610; x_wconf 90' lang='lat' dir='ltr'><strong>tur</strong></span> <span class='ocrx_word' id='word_1_112' title='bbox 149 1573 204 1622; x_wconf 90' lang='lat' dir='ltr'><strong>eo,</strong></span> <span class='ocrx_word' id='word_1_113' title='bbox 228 1550 284 1632; x_wconf 89' lang='lat' dir='ltr'><strong>qui</strong></span> <span class='ocrx_word' id='word_1_114' title='bbox 307 1549 348 1608; x_wconf 90' lang='lat' dir='ltr'><strong>de</strong></span> <span class='ocrx_word' id='word_1_115' title='bbox 373 1549 573 1609; x_wconf 87' lang='lat' dir='ltr'><strong>accusatoris</strong></span> <span class='ocrx_word' id='word_1_116' title='bbox 597 1549 756 1610; x_wconf 88' lang='lat' dir='ltr'><strong>subsellio</strong></span> <span class='ocrx_word' id='word_1_117' title='bbox 780 1547 894 1626; x_wconf 71' lang='lat' dir='ltr'><strong>surgit.</strong></span> <span class='ocrx_word' id='word_1_118' title='bbox 937 1547 1014 1606; x_wconf 82' lang='lat' dir='ltr'><strong>Hac</strong></span> <span class='ocrx_word' id='word_1_119' title='bbox 1032 1544 1174 1615; x_wconf 82' lang='lat' dir='ltr'><strong>aceedit,</strong></span> 
     </span>
     <span class='ocr_line' id='line_1_15' title="bbox 7 1628 1177 1714; baseline -0.004 -21"><span class='ocrx_word' id='word_1_120' title='bbox 7 1635 9 1708; x_wconf 57' lang='lat' dir='ltr'>ff</span> <span class='ocrx_word' id='word_1_121' title='bbox 82 1635 164 1714; x_wconf 90' lang='lat' dir='ltr'><strong>quod</strong></span> <span class='ocrx_word' id='word_1_122' title='bbox 180 1632 291 1714; x_wconf 86' lang='lat' dir='ltr'><strong>paullo</strong></span> <span class='ocrx_word' id='word_1_123' title='bbox 305 1640 413 1691; x_wconf 87' lang='lat' dir='ltr'><strong>tamen</strong></span> <span class='ocrx_word' id='word_1_124' title='bbox 427 1631 453 1713; x_wconf 77' lang='grc'><strong>1)</strong></span> <span class='ocrx_word' id='word_1_125' title='bbox 477 1632 640 1693; x_wconf 74' lang='lat' dir='ltr'><strong>occultior</strong></span> <span class='ocrx_word' id='word_1_126' title='bbox 658 1642 755 1714; x_wconf 85' lang='lat' dir='ltr'><strong>atquc</strong></span> <span class='ocrx_word' id='word_1_127' title='bbox 770 1631 894 1693; x_wconf 89' lang='lat' dir='ltr'><strong>tectior</strong></span> <span class='ocrx_word' id='word_1_128' title='bbox 907 1635 1018 1693; x_wconf 86' lang='lat' dir='ltr'><strong>vestra</strong></span> <span class='ocrx_word' id='word_1_129' title='bbox 1033 1628 1099 1688; x_wconf 87' lang='lat' dir='ltr'><strong>ista</strong></span> <span class='ocrx_word' id='word_1_130' title='bbox 1122 1649 1177 1688; x_wconf 82' lang='lat' dir='ltr'><strong>ca·</strong></span> 
     </span>
    </p>
   </div>
   <div class='ocr_carea' id='block_1_3' title="bbox 133 1757 437 1826">
    <p class='ocr_par' dir='ltr' id='par_1_3' title="bbox 133 1757 437 1826">
     <span class='ocr_line' id='line_1_16' title="bbox 133 1757 437 1826; baseline -0.007 -18"><span class='ocrx_word' id='word_1_131' title='bbox 133 1759 161 1824; x_wconf 76' lang='lat' dir='ltr'><strong>l)</strong></span> <span class='ocrx_word' id='word_1_132' title='bbox 178 1757 278 1826; x_wconf 76' lang='lat' dir='ltr'><strong>paullo&#39;</strong></span> <span class='ocrx_word' id='word_1_133' title='bbox 290 1757 437 1813; x_wconf 83' lang='lat' dir='ltr'><strong>occultior.</strong></span> 
     </span>
    </p>
   </div>
   <div class='ocr_carea' id='block_1_4' title="bbox 7 1878 1253 4570">
    <p class='ocr_par' dir='ltr' id='par_1_4' title="bbox 7 1878 1177 2234">
     <span class='ocr_line' id='line_1_17' title="bbox 133 1878 1177 1943; baseline -0.003 -11"><span class='ocrx_word' id='word_1_134' title='bbox 133 1883 262 1934; x_wconf 76' lang='lat' dir='ltr'><strong>audacter.</strong></span> <span class='ocrx_word' id='word_1_135' title='bbox 281 1882 329 1932; x_wconf 87' lang='lat' dir='ltr'><strong>Sic</strong></span> <span class='ocrx_word' id='word_1_136' title='bbox 347 1883 476 1943; x_wconf 80' lang='lat' dir='ltr'><strong>codices3</strong></span> <span class='ocrx_word' id='word_1_137' title='bbox 496 1888 524 1934; x_wconf 86' lang='lat' dir='ltr'><strong>at</strong></span> <span class='ocrx_word' id='word_1_138' title='bbox 540 1883 700 1934; x_wconf 75' lang='lat' dir='ltr'><strong>Priscianus</strong></span> <span class='ocrx_word' id='word_1_139' title='bbox 715 1883 772 1934; x_wconf 86' lang='lat' dir='ltr'><strong>XV</strong></span> <span class='ocrx_word' id='word_1_140' title='bbox 789 1883 871 1936; x_wconf 76' lang='lat' dir='ltr'><strong>tola</strong></span> <span class='ocrx_word' id='word_1_141' title='bbox 887 1885 921 1934; x_wconf 85' lang='lat' dir='ltr'><strong>de</strong></span> <span class='ocrx_word' id='word_1_142' title='bbox 936 1880 1086 1935; x_wconf 75' lang='lat' dir='ltr'><strong>adverbior</strong></span> <span class='ocrx_word' id='word_1_143' title='bbox 1105 1878 1177 1930; x_wconf 85' lang='lat' dir='ltr'><strong>Alia</strong></span> 
     </span>
     <span class='ocr_line' id='line_1_18' title="bbox 7 1947 1176 2022; baseline -0.004 -18"><span class='ocrx_word' id='word_1_144' title='bbox 7 1963 9 1980; x_wconf 65' lang='lat'><em>¹</em></span> <span class='ocrx_word' id='word_1_145' title='bbox 86 1951 319 2011; x_wconf 77' lang='lat' dir='ltr'><strong>aaseersuntdativo,</strong></span> <span class='ocrx_word' id='word_1_146' title='bbox 335 1958 383 2011; x_wconf 87' lang='lat' dir='ltr'><strong>ter,</strong></span> <span class='ocrx_word' id='word_1_147' title='bbox 395 1947 542 2022; x_wconf 79' lang='lat' dir='ltr'><strong>penultima</strong></span> <span class='ocrx_word' id='word_1_148' title='bbox 552 1961 683 2022; x_wconf 87' lang='lat' dir='ltr'><strong>correpta,</strong></span> <span class='ocrx_word' id='word_1_149' title='bbox 698 1961 767 2002; x_wconf 89' lang='lat' dir='ltr'><strong>ut-</strong></span> <span class='ocrx_word' id='word_1_150' title='bbox 778 1953 879 2014; x_wconf 85' lang='lat' dir='ltr'><strong>audax,</strong></span> <span class='ocrx_word' id='word_1_151' title='bbox 898 1954 1006 2012; x_wconf 79' lang='lat' dir='ltr'><strong>audaci,</strong></span> <span class='ocrx_word' id='word_1_152' title='bbox 1025 1951 1176 2008; x_wconf 76' lang='lat' dir='ltr'><strong>audaciter,</strong></span> 
     </span>
     <span class='ocr_line' id='line_1_19' title="bbox 88 2021 1177 2093; baseline -0.002 -22"><span class='ocrx_word' id='word_1_153' title='bbox 88 2023 130 2072; x_wconf 85' lang='lat' dir='ltr'><strong>scd</strong></span> <span class='ocrx_word' id='word_1_154' title='bbox 149 2042 195 2092; x_wconf 88' lang='lat' dir='ltr'><strong>per</strong></span> <span class='ocrx_word' id='word_1_155' title='bbox 220 2041 362 2092; x_wconf 71' lang='lat' dir='ltr'><strong>syncopam</strong></span> <span class='ocrx_word' id='word_1_156' title='bbox 383 2025 411 2072; x_wconf 86' lang='lat' dir='ltr'><strong>in</strong></span> <span class='ocrx_word' id='word_1_157' title='bbox 429 2027 479 2074; x_wconf 71' lang='lat' dir='ltr'><strong>u&#39;su</strong></span> <span class='ocrx_word' id='word_1_158' title='bbox 500 2032 540 2074; x_wconf 86' lang='lat' dir='ltr'><strong>est</strong></span> <span class='ocrx_word' id='word_1_159' title='bbox 561 2025 760 2093; x_wconf 66' lang='lat' dir='ltr'><strong>frequentiore,</strong></span> <span class='ocrx_word' id='word_1_160' title='bbox 789 2026 926 2076; x_wconf 77' lang='lat' dir='ltr'><strong>umlacter.</strong></span> <span class='ocrx_word' id='word_1_161' title='bbox 950 2051 981 2062; x_wconf 86' lang='lat'>-</span> <span class='ocrx_word' id='word_1_162' title='bbox 1025 2021 1177 2072; x_wconf 85' lang='lat' dir='ltr'><strong>Sallustius</strong></span> 
     </span>
     <span class='ocr_line' id='line_1_20' title="bbox 81 2091 1176 2166; baseline -0.003 -23.19"><span class='ocrx_word' id='word_1_163' title='bbox 81 2099 167 2143; x_wconf 73' lang='lat' dir='ltr'><strong>‘tamen</strong></span> <span class='ocrx_word' id='word_1_164' title='bbox 182 2093 250 2144; x_wconf 85' lang='lat' dir='ltr'><strong>llist.</strong></span> <span class='ocrx_word' id='word_1_165' title='bbox 268 2095 292 2145; x_wconf 86' lang='lat' dir='ltr'><strong>l.</strong></span> <span class='ocrx_word' id='word_1_166' title='bbox 309 2093 450 2146; x_wconf 79' lang='lat' dir='ltr'><strong>aredaciter</strong></span> <span class='ocrx_word' id='word_1_167' title='bbox 461 2096 593 2164; x_wconf 88' lang='lat' dir='ltr'><strong>protulit,</strong></span> <span class='ocrx_word' id='word_1_168' title='bbox 621 2096 764 2152; x_wconf 75' lang='lat' dir='ltr'><strong>secundum</strong></span> <span class='ocrx_word' id='word_1_169' title='bbox 786 2097 957 2166; x_wconf 62' lang='lat' dir='ltr'><strong>urealoqiam}</strong></span> <span class='ocrx_word' id='word_1_170' title='bbox 985 2097 1012 2142; x_wconf 83' lang='lat' dir='ltr'><strong>et</strong></span> <span class='ocrx_word' id='word_1_171' title='bbox 1033 2091 1127 2142; x_wconf 82' lang='lat' dir='ltr'><strong>Cicero</strong></span> <span class='ocrx_word' id='word_1_172' title='bbox 1147 2109 1176 2162; x_wconf 90' lang='lat' dir='ltr'><strong>p.</strong></span> 
     </span>
     <span class='ocr_line' id='line_1_21' title="bbox 85 2154 1140 2234; baseline 0 -20"><span class='ocrx_word' id='word_1_173' title='bbox 85 2161 234 2218; x_wconf 52' lang='lat' dir='ltr'><strong>Selloseio:</strong></span> <span class='ocrx_word' id='word_1_174' title='bbox 263 2165 355 2214; x_wconf 85' lang='lat' dir='ltr'><strong>Malta</strong></span> <span class='ocrx_word' id='word_1_175' title='bbox 370 2167 515 2224; x_wconf 85' lang='lat' dir='ltr'><strong>scelerate,</strong></span> <span class='ocrx_word' id='word_1_176' title='bbox 534 2167 617 2216; x_wconf 86' lang='lat' dir='ltr'><strong>multa</strong></span> <span class='ocrx_word' id='word_1_177' title='bbox 632 2167 788 2225; x_wconf 78' lang='lat' dir='ltr'><strong>audaciter,</strong></span> <span class='ocrx_word' id='word_1_178' title='bbox 808 2154 891 2218; x_wconf 72' lang='lat' dir='ltr'><strong>miella</strong></span> <span class='ocrx_word' id='word_1_179' title='bbox 908 2165 1024 2234; x_wconf 78' lang='lat' dir='ltr'><strong>improbe</strong></span> <span class='ocrx_word' id='word_1_180' title='bbox 1040 2163 1140 2231; x_wconf 77' lang='lat' dir='ltr'><strong>fecisti.</strong></span> 
     </span>
    </p>

    <p class='ocr_par' dir='ltr' id='par_1_5' title="bbox 7 2230 1253 2874">
     <span class='ocr_line' id='line_1_22' title="bbox 130 2230 1177 2306; baseline -0.005 -21"><span class='ocrx_word' id='word_1_181' title='bbox 130 2237 185 2286; x_wconf 85' lang='lat' dir='ltr'><strong>istie</strong></span> <span class='ocrx_word' id='word_1_182' title='bbox 198 2235 300 2286; x_wconf 87' lang='lat' dir='ltr'><strong>sedere.</strong></span> <span class='ocrx_word' id='word_1_183' title='bbox 323 2230 453 2288; x_wconf 62' lang='lat' dir='ltr'><strong>Gaudet</strong></span> <span class='ocrx_word' id='word_1_184' title='bbox 462 2239 524 2288; x_wconf 90' lang='lat' dir='ltr'><strong>edd.</strong></span> <span class='ocrx_word' id='word_1_185' title='bbox 534 2244 599 2290; x_wconf 82' lang='lat' dir='ltr'><strong>vett.</strong></span> <span class='ocrx_word' id='word_1_186' title='bbox 611 2240 748 2306; x_wconf 78' lang='lat' dir='ltr'><strong>praebent</strong></span> <span class='ocrx_word' id='word_1_187' title='bbox 758 2239 804 2288; x_wconf 81' lang='lat' dir='ltr'><strong>isti</strong></span> <span class='ocrx_word' id='word_1_188' title='bbox 813 2239 929 2296; x_wconf 86' lang='lat' dir='ltr'><strong>eredere,</strong></span> <span class='ocrx_word' id='word_1_189' title='bbox 950 2235 1122 2304; x_wconf 29' lang='lat' dir='ltr'><strong>qnodlnuper</strong></span> <span class='ocrx_word' id='word_1_190' title='bbox 1131 2233 1177 2281; x_wconf 91' lang='lat' dir='ltr'><strong>de-</strong></span> 
     </span>
     <span class='ocr_line' id='line_1_23' title="bbox 9 2303 1176 2373; baseline -0.003 -18"><span class='ocrx_word' id='word_1_191' title='bbox 9 2353 11 2361; x_wconf 54' lang='lat'><strong>,</strong></span> <span class='ocrx_word' id='word_1_192' title='bbox 79 2307 163 2358; x_wconf 87' lang='lat' dir='ltr'><strong>lendit</strong></span> <span class='ocrx_word' id='word_1_193' title='bbox 176 2303 357 2358; x_wconf 76' lang='lat' dir='ltr'><strong>Wernsdort&#39;</strong></span> <span class='ocrx_word' id='word_1_194' title='bbox 370 2308 447 2358; x_wconf 86' lang='lat' dir='ltr'><strong>bisce</strong></span> <span class='ocrx_word' id='word_1_195' title='bbox 464 2311 590 2360; x_wconf 88' lang='lat' dir='ltr'><strong>adductis</strong></span> <span class='ocrx_word' id='word_1_196' title='bbox 609 2311 777 2362; x_wconf 80' lang='lat' dir='ltr'><strong>rationibas=</strong></span> <span class='ocrx_word' id='word_1_197' title='bbox 798 2309 869 2359; x_wconf 82' lang='lat' dir='ltr'><strong>Cum</strong></span> <span class='ocrx_word' id='word_1_198' title='bbox 880 2337 911 2350; x_wconf 89' lang='lat'><em>-</em></span> <span class='ocrx_word' id='word_1_199' title='bbox 924 2314 1019 2360; x_wconf 88' lang='lat' dir='ltr'><strong>orator</strong></span> <span class='ocrx_word' id='word_1_200' title='bbox 1030 2303 1176 2373; x_wconf 76' lang='lat' dir='ltr'><strong>Capitonis</strong></span> 
     </span>
     <span class='ocr_line' id='line_1_24' title="bbox 12 2373 1177 2448; baseline 0.007 -23"><span class='ocrx_word' id='word_1_201' title='bbox 12 2373 14 2384; x_wconf 80' lang='grc'><em>’</em></span> <span class='ocrx_word' id='word_1_202' title='bbox 79 2377 205 2428; x_wconf 83' lang='lat' dir='ltr'><strong>maleficia</strong></span> <span class='ocrx_word' id='word_1_203' title='bbox 215 2384 371 2436; x_wconf 86' lang='lat' dir='ltr'><strong>enumeret,</strong></span> <span class='ocrx_word' id='word_1_204' title='bbox 384 2381 606 2448; x_wconf 79' lang='lat' dir='ltr'><strong>proterviamque</strong></span> <span class='ocrx_word' id='word_1_205' title='bbox 618 2381 643 2432; x_wconf 90' lang='lat' dir='ltr'><strong>ci</strong></span> <span class='ocrx_word' id='word_1_206' title='bbox 654 2382 792 2439; x_wconf 63' lang='lat' dir='ltr'><strong>obvertunt,</strong></span> <span class='ocrx_word' id='word_1_207' title='bbox 807 2387 834 2432; x_wconf 90' lang='lat' dir='ltr'><strong>et</strong></span> <span class='ocrx_word' id='word_1_208' title='bbox 843 2379 1049 2447; x_wconf 84' lang='lat' dir='ltr'><strong>impudentiam,</strong></span> <span class='ocrx_word' id='word_1_209' title='bbox 1066 2375 1177 2444; x_wconf 72' lang='lat' dir='ltr'><strong>quodlss</strong></span> 
     </span>
     <span class='ocr_line' id='line_1_25' title="bbox 7 2447 1179 2520; baseline -0.005 -20"><span class='ocrx_word' id='word_1_210' title='bbox 7 2459 13 2492; x_wconf 75' lang='grc' dir='ltr'><strong>ε’</strong></span> <span class='ocrx_word' id='word_1_211' title='bbox 78 2447 250 2500; x_wconf 75' lang='lat' dir='ltr'><strong>S-ltoscium</strong></span> <span class='ocrx_word' id='word_1_212' title='bbox 270 2449 368 2500; x_wconf 86' lang='lat' dir='ltr'><strong>testari</strong></span> <span class='ocrx_word' id='word_1_213' title='bbox 390 2449 474 2510; x_wconf 85' lang='lat' dir='ltr'><strong>velit,</strong></span> <span class='ocrx_word' id='word_1_214' title='bbox 502 2452 603 2518; x_wconf 87' lang='lat' dir='ltr'><strong>optimc</strong></span> <span class='ocrx_word' id='word_1_215' title='bbox 629 2469 676 2511; x_wconf 88' lang='lat' dir='ltr'><strong>eu,</strong></span> <span class='ocrx_word' id='word_1_216' title='bbox 706 2469 775 2518; x_wconf 86' lang='lat' dir='ltr'><strong>quoe</strong></span> <span class='ocrx_word' id='word_1_217' title='bbox 797 2456 963 2520; x_wconf 73' lang='lat' dir='ltr'><strong>sequuntur:</strong></span> <span class='ocrx_word' id='word_1_218' title='bbox 992 2448 1057 2514; x_wconf 76' lang='lat' dir='ltr'><strong>quid</strong></span> <span class='ocrx_word' id='word_1_219' title='bbox 1082 2455 1112 2496; x_wconf 87' lang='lat' dir='ltr'><strong>tu</strong></span> <span class='ocrx_word' id='word_1_220' title='bbox 1133 2447 1179 2496; x_wconf 86' lang='lat' dir='ltr'><strong>vir</strong></span> 
     </span>
     <span class='ocr_line' id='line_1_26' title="bbox 7 2515 1253 2589; baseline -0.002 -21"><span class='ocrx_word' id='word_1_221' title='bbox 7 2547 13 2557; x_wconf 72' lang='lat'><em>‹</em></span> <span class='ocrx_word' id='word_1_222' title='bbox 77 2520 281 2586; x_wconf 52' lang='lat' dir='ltr'><strong>optime,?1cum</strong></span> <span class='ocrx_word' id='word_1_223' title='bbox 296 2519 487 2588; x_wconf 88' lang='lat' dir='ltr'><strong>superioribus</strong></span> <span class='ocrx_word' id='word_1_224' title='bbox 505 2523 650 2572; x_wconf 87' lang='lat' dir='ltr'><strong>concinere</strong></span> <span class='ocrx_word' id='word_1_225' title='bbox 669 2524 815 2582; x_wconf 85' lang='lat' dir='ltr'><strong>videntur,</strong></span> <span class='ocrx_word' id='word_1_226' title='bbox 844 2522 971 2589; x_wconf 86' lang='lat' dir='ltr'><strong>quoniam</strong></span> <span class='ocrx_word' id='word_1_227' title='bbox 986 2519 1031 2570; x_wconf 85' lang='lat' dir='ltr'><strong>hic</strong></span> <span class='ocrx_word' id='word_1_228' title='bbox 1048 2519 1073 2568; x_wconf 89' lang='lat' dir='ltr'><strong>ei</strong></span> <span class='ocrx_word' id='word_1_229' title='bbox 1091 2515 1177 2584; x_wconf 89' lang='lat' dir='ltr'><strong>impu·</strong></span> <span class='ocrx_word' id='word_1_230' title='bbox 1251 2551 1253 2556; x_wconf 70' lang='lat'>,</span> 
     </span>
     <span class='ocr_line' id='line_1_27' title="bbox 76 2589 1176 2660; baseline -0.002 -22"><span class='ocrx_word' id='word_1_231' title='bbox 76 2591 188 2642; x_wconf 82' lang='lat' dir='ltr'><strong>dentiam</strong></span> <span class='ocrx_word' id='word_1_232' title='bbox 207 2591 348 2647; x_wconf 82' lang='lat' dir='ltr'><strong>obvertit,</strong></span> <span class='ocrx_word' id='word_1_233' title='bbox 369 2592 514 2658; x_wconf 89' lang='lat' dir='ltr'><strong>quoniam,</strong></span> <span class='ocrx_word' id='word_1_234' title='bbox 536 2609 616 2660; x_wconf 91' lang='lat' dir='ltr'><strong>quum</strong></span> <span class='ocrx_word' id='word_1_235' title='bbox 631 2593 690 2660; x_wconf 89' lang='lat' dir='ltr'><strong>ipse</strong></span> <span class='ocrx_word' id='word_1_236' title='bbox 710 2595 809 2644; x_wconf 87' lang='lat' dir='ltr'><strong>testari</strong></span> <span class='ocrx_word' id='word_1_237' title='bbox 824 2593 955 2650; x_wconf 86' lang='lat' dir='ltr'><strong>voluerit,</strong></span> <span class='ocrx_word' id='word_1_238' title='bbox 976 2591 1059 2641; x_wconf 90' lang='lat' dir='ltr'><strong>alteri</strong></span> <span class='ocrx_word' id='word_1_239' title='bbox 1073 2589 1176 2654; x_wconf 71' lang='lat' dir='ltr'><strong>Magno</strong></span> 
     </span>
     <span class='ocr_line' id='line_1_28' title="bbox 75 2661 1177 2730; baseline -0.005 -20"><span class='ocrx_word' id='word_1_240' title='bbox 75 2661 103 2710; x_wconf 94' lang='lat' dir='ltr'><strong>id</strong></span> <span class='ocrx_word' id='word_1_241' title='bbox 121 2661 279 2712; x_wconf 83' lang='lat' dir='ltr'><strong>crediderit</strong></span> <span class='ocrx_word' id='word_1_242' title='bbox 292 2661 442 2728; x_wconf 60' lang='lat' dir='ltr'><strong>(Matreium</strong></span> <span class='ocrx_word' id='word_1_243' title='bbox 461 2662 531 2711; x_wconf 87' lang='lat' dir='ltr'><strong>enim</strong></span> <span class='ocrx_word' id='word_1_244' title='bbox 549 2669 658 2730; x_wconf 85' lang='lat' dir='ltr'><strong>spectat</strong></span> <span class='ocrx_word' id='word_1_245' title='bbox 672 2665 764 2715; x_wconf 77' lang='lat' dir='ltr'><strong>verbis</strong></span> <span class='ocrx_word' id='word_1_246' title='bbox 781 2664 923 2730; x_wconf 75' lang='lat' dir='ltr'><strong>evulgato</strong></span> <span class='ocrx_word' id='word_1_247' title='bbox 940 2668 1033 2713; x_wconf 83' lang='lat' dir='ltr'><strong>textu:</strong></span> <span class='ocrx_word' id='word_1_248' title='bbox 1060 2661 1107 2708; x_wconf 88' lang='lat' dir='ltr'><strong>isti</strong></span> <span class='ocrx_word' id='word_1_249' title='bbox 1122 2675 1177 2706; x_wconf 87' lang='lat' dir='ltr'><strong>cre-</strong></span> 
     </span>
     <span class='ocr_line' id='line_1_29' title="bbox 74 2729 1177 2804; baseline -0.002 -24"><span class='ocrx_word' id='word_1_250' title='bbox 74 2732 159 2804; x_wconf 86' lang='lat' dir='ltr'><strong>dere).</strong></span> <span class='ocrx_word' id='word_1_251' title='bbox 195 2733 291 2783; x_wconf 81' lang='lat' dir='ltr'><strong>Addit</strong></span> <span class='ocrx_word' id='word_1_252' title='bbox 305 2733 434 2782; x_wconf 89' lang='lat' dir='ltr'><strong>continuo</strong></span> <span class='ocrx_word' id='word_1_253' title='bbox 450 2750 568 2792; x_wconf 85' lang='lat' dir='ltr'><strong>causam,</strong></span> <span class='ocrx_word' id='word_1_254' title='bbox 589 2752 638 2783; x_wconf 89' lang='lat' dir='ltr'><strong>cur</strong></span> <span class='ocrx_word' id='word_1_255' title='bbox 652 2736 826 2802; x_wconf 87' lang='lat' dir='ltr'><strong>impudenter</strong></span> <span class='ocrx_word' id='word_1_256' title='bbox 843 2735 949 2800; x_wconf 76' lang='lat' dir='ltr'><strong>egerit:</strong></span> <span class='ocrx_word' id='word_1_257' title='bbox 970 2732 1044 2800; x_wconf 87' lang='lat' dir='ltr'><strong>quod</strong></span> <span class='ocrx_word' id='word_1_258' title='bbox 1058 2729 1177 2778; x_wconf 83' lang='lat' dir='ltr'><strong>Roscius</strong></span> 
     </span>
     <span class='ocr_line' id='line_1_30' title="bbox 7 2801 1177 2874; baseline -0.003 -22"><span class='ocrx_word' id='word_1_259' title='bbox 7 2801 10 2828; x_wconf 79' lang='lat'>²</span> <span class='ocrx_word' id='word_1_260' title='bbox 53 2803 186 2872; x_wconf 54' lang='lat' dir='ltr'><strong>*Magnus</strong></span> <span class='ocrx_word' id='word_1_261' title='bbox 204 2809 354 2854; x_wconf 86' lang='lat' dir='ltr'><strong>accusator</strong></span> <span class='ocrx_word' id='word_1_262' title='bbox 374 2810 475 2863; x_wconf 87' lang='lat' dir='ltr'><strong>taceat,</strong></span> <span class='ocrx_word' id='word_1_263' title='bbox 495 2811 523 2854; x_wconf 88' lang='lat' dir='ltr'><strong>et</strong></span> <span class='ocrx_word' id='word_1_264' title='bbox 537 2806 617 2856; x_wconf 86' lang='lat' dir='ltr'><strong>testis</strong></span> <span class='ocrx_word' id='word_1_265' title='bbox 630 2807 800 2874; x_wconf 82' lang='lat' dir='ltr'><strong>ineptissime</strong></span> <span class='ocrx_word' id='word_1_266' title='bbox 821 2806 979 2856; x_wconf 84' lang='lat' dir='ltr'><strong>consederit</strong></span> <span class='ocrx_word' id='word_1_267' title='bbox 992 2804 1021 2852; x_wconf 91' lang='lat' dir='ltr'><strong>in</strong></span> <span class='ocrx_word' id='word_1_268' title='bbox 1037 2805 1177 2852; x_wconf 88' lang='lat' dir='ltr'><strong>accusato·</strong></span> 
     </span>
    </p>

    <p class='ocr_par' dir='ltr' id='par_1_6' title="bbox 7 2873 1222 3430">
     <span class='ocr_line' id='line_1_31' title="bbox 73 2873 1052 2926; baseline -0.006 -3"><span class='ocrx_word' id='word_1_269' title='bbox 73 2893 129 2924; x_wconf 87' lang='lat' dir='ltr'><strong>rum</strong></span> <span class='ocrx_word' id='word_1_270' title='bbox 146 2873 300 2926; x_wconf 82' lang='lat' dir='ltr'><strong>subselliis.</strong></span> <span class='ocrx_word' id='word_1_271' title='bbox 321 2903 354 2914; x_wconf 84' lang='lat'>-</span> <span class='ocrx_word' id='word_1_272' title='bbox 691 2907 699 2920; x_wconf 93' lang='grc'><em>,</em></span> <span class='ocrx_word' id='word_1_273' title='bbox 1049 2882 1052 2891; x_wconf 83' lang='grc'><em>“</em></span> 
     </span>
     <span class='ocr_line' id='line_1_32' title="bbox 7 2937 1178 3012; baseline -0.003 -17"><span class='ocrx_word' id='word_1_274' title='bbox 7 2939 13 2968; x_wconf 76' lang='grc'><strong>”</strong></span> <span class='ocrx_word' id='word_1_275' title='bbox 122 2947 176 3004; x_wconf 91' lang='lat' dir='ltr'><strong>At,</strong></span> <span class='ocrx_word' id='word_1_276' title='bbox 195 2951 230 2996; x_wconf 89' lang='lat' dir='ltr'><strong>ut</strong></span> <span class='ocrx_word' id='word_1_277' title='bbox 249 2937 388 3004; x_wconf 84' lang='lat' dir='ltr'><strong>omittam„</strong></span> <span class='ocrx_word' id='word_1_278' title='bbox 409 2963 488 3011; x_wconf 84' lang='lat' dir='ltr'><strong>quam</strong></span> <span class='ocrx_word' id='word_1_279' title='bbox 505 2945 601 2994; x_wconf 86' lang='lat' dir='ltr'><strong>durum</strong></span> <span class='ocrx_word' id='word_1_280' title='bbox 618 2947 663 3004; x_wconf 91' lang='lat' dir='ltr'><strong>sit,</strong></span> <span class='ocrx_word' id='word_1_281' title='bbox 682 2945 769 2997; x_wconf 84' lang='lat' dir='ltr'><strong>verba</strong></span> <span class='ocrx_word' id='word_1_282' title='bbox 787 2944 854 3012; x_wconf 70' lang='lat' dir='ltr'><strong>quaid</strong></span> <span class='ocrx_word' id='word_1_283' title='bbox 868 2951 898 2994; x_wconf 87' lang='lat' dir='ltr'><strong>tu</strong></span> <span class='ocrx_word' id='word_1_284' title='bbox 915 2951 964 2994; x_wconf 87' lang='lat' dir='ltr'><strong>ete.</strong></span> <span class='ocrx_word' id='word_1_285' title='bbox 983 2943 1019 2992; x_wconf 84' lang='lat' dir='ltr'><strong>ad</strong></span> <span class='ocrx_word' id='word_1_286' title='bbox 1036 2941 1178 2992; x_wconf 81' lang='lat' dir='ltr'><strong>absentem</strong></span> 
     </span>
     <span class='ocr_line' id='line_1_33' title="bbox 7 3012 1177 3086; baseline -0.003 -22"><span class='ocrx_word' id='word_1_287' title='bbox 7 3030 8 3034; x_wconf 73' lang='grc'>’</span> <span class='ocrx_word' id='word_1_288' title='bbox 74 3013 238 3084; x_wconf 84' lang='lat' dir='ltr'><strong>Capitonem</strong></span> <span class='ocrx_word' id='word_1_289' title='bbox 252 3016 377 3074; x_wconf 82' lang='lat' dir='ltr'><strong>referre,</strong></span> <span class='ocrx_word' id='word_1_290' title='bbox 397 3017 561 3082; x_wconf 86' lang='lat' dir='ltr'><strong>praesertim</strong></span> <span class='ocrx_word' id='word_1_291' title='bbox 579 3035 638 3066; x_wconf 90' lang='lat' dir='ltr'><strong>cnm</strong></span> <span class='ocrx_word' id='word_1_292' title='bbox 658 3023 685 3066; x_wconf 86' lang='lat' dir='ltr'><strong>et</strong></span> <span class='ocrx_word' id='word_1_293' title='bbox 698 3035 782 3086; x_wconf 88' lang='lat' dir='ltr'><strong>supra</strong></span> <span class='ocrx_word' id='word_1_294' title='bbox 798 3017 854 3066; x_wconf 82' lang='lat' dir='ltr'><strong>Tit.</strong></span> <span class='ocrx_word' id='word_1_295' title='bbox 870 3016 954 3066; x_wconf 84' lang='lat' dir='ltr'><strong>Rosc.</strong></span> <span class='ocrx_word' id='word_1_296' title='bbox 967 3013 1097 3080; x_wconf 70' lang='lat' dir='ltr'><strong>Magnum</strong></span> <span class='ocrx_word' id='word_1_297' title='bbox 1114 3012 1177 3063; x_wconf 88' lang='lat' dir='ltr'><strong>atti-</strong></span> 
     </span>
     <span class='ocr_line' id='line_1_34' title="bbox 7 3081 1176 3154; baseline -0.003 -18"><span class='ocrx_word' id='word_1_298' title='bbox 7 3085 10 3104; x_wconf 66' lang='lat'><strong>‘&#39;</strong></span> <span class='ocrx_word' id='word_1_299' title='bbox 74 3089 161 3152; x_wconf 78' lang='lat' dir='ltr'><strong>gerit3</strong></span> <span class='ocrx_word' id='word_1_300' title='bbox 187 3087 289 3136; x_wconf 87' lang='lat' dir='ltr'><strong>bucin</strong></span> <span class='ocrx_word' id='word_1_301' title='bbox 305 3087 324 3136; x_wconf 90' lang='lat' dir='ltr'><strong>l.</strong></span> <span class='ocrx_word' id='word_1_302' title='bbox 340 3087 443 3136; x_wconf 83' lang='lat' dir='ltr'><strong>Cicero</strong></span> <span class='ocrx_word' id='word_1_303' title='bbox 459 3104 512 3136; x_wconf 87' lang='lat' dir='ltr'><strong>nou</strong></span> <span class='ocrx_word' id='word_1_304' title='bbox 527 3088 738 3154; x_wconf 85' lang='lat' dir='ltr'><strong>impudentiam,</strong></span> <span class='ocrx_word' id='word_1_305' title='bbox 766 3088 815 3136; x_wconf 91' lang='lat' dir='ltr'><strong>sed</strong></span> <span class='ocrx_word' id='word_1_306' title='bbox 832 3085 977 3137; x_wconf 88' lang='lat' dir='ltr'><strong>stultitiam</strong></span> <span class='ocrx_word' id='word_1_307' title='bbox 992 3085 1018 3134; x_wconf 91' lang='lat' dir='ltr'><strong>ei</strong></span> <span class='ocrx_word' id='word_1_308' title='bbox 1036 3081 1176 3142; x_wconf 86' lang='lat' dir='ltr'><strong>obvertit,</strong></span> 
     </span>
     <span class='ocr_line' id='line_1_35' title="bbox 7 3153 1177 3226; baseline -0.003 -20"><span class='ocrx_word' id='word_1_309' title='bbox 7 3163 10 3178; x_wconf 72' lang='lat'><strong>&#39;&#39;</strong></span> <span class='ocrx_word' id='word_1_310' title='bbox 72 3173 184 3209; x_wconf 88' lang='lat' dir='ltr'><strong>neccnr</strong></span> <span class='ocrx_word' id='word_1_311' title='bbox 201 3158 395 3224; x_wconf 88' lang='lat' dir='ltr'><strong>impudenter,</strong></span> <span class='ocrx_word' id='word_1_312' title='bbox 424 3157 539 3208; x_wconf 87' lang='lat' dir='ltr'><strong>sedeur</strong></span> <span class='ocrx_word' id='word_1_313' title='bbox 556 3160 716 3216; x_wconf 85' lang='lat' dir='ltr'><strong>stultissime</strong></span> <span class='ocrx_word' id='word_1_314' title='bbox 735 3160 840 3226; x_wconf 69' lang='lat' dir='ltr'><strong>egerit,</strong></span> <span class='ocrx_word' id='word_1_315' title='bbox 870 3155 1085 3208; x_wconf 82' lang='lat' dir='ltr'><strong>causamaffert.</strong></span> <span class='ocrx_word' id='word_1_316' title='bbox 1123 3153 1177 3204; x_wconf 84' lang='lat' dir='ltr'><strong>Ga·</strong></span> 
     </span>
     <span class='ocr_line' id='line_1_36' title="bbox 72 3225 1222 3297; baseline -0.001 -20"><span class='ocrx_word' id='word_1_317' title='bbox 72 3230 355 3297; x_wconf 84' lang='lat' dir='ltr'><strong>pitonempraetcrca</strong></span> <span class='ocrx_word' id='word_1_318' title='bbox 375 3229 559 3278; x_wconf 87' lang='lat' dir='ltr'><strong>testimonium</strong></span> <span class='ocrx_word' id='word_1_319' title='bbox 574 3227 806 3296; x_wconf 65' lang='lat' dir='ltr'><strong>Magno,minime</strong></span> <span class='ocrx_word' id='word_1_320' title='bbox 830 3229 1000 3284; x_wconf 84' lang='lat' dir='ltr'><strong>credidisse,</strong></span> <span class='ocrx_word' id='word_1_321' title='bbox 1034 3225 1179 3276; x_wconf 83' lang='lat' dir='ltr'><strong>confirmat</strong></span> <span class='ocrx_word' id='word_1_322' title='bbox 1218 3259 1222 3270; x_wconf 86' lang='lat'><em>·</em></span> 
     </span>
     <span class='ocr_line' id='line_1_37' title="bbox 7 3297 1177 3369; baseline -0.001 -23"><span class='ocrx_word' id='word_1_323' title='bbox 7 3297 11 3320; x_wconf 62' lang='lat'><strong><em>³</em></strong></span> <span class='ocrx_word' id='word_1_324' title='bbox 72 3299 289 3366; x_wconf 79' lang='lat' dir='ltr'><strong>ipseGicero§.</strong></span> <span class='ocrx_word' id='word_1_325' title='bbox 310 3298 378 3348; x_wconf 77' lang='lat'><strong>100.</strong></span> <span class='ocrx_word' id='word_1_326' title='bbox 397 3297 455 3348; x_wconf 69' lang='lat'><strong>102</strong></span> <span class='ocrx_word' id='word_1_327' title='bbox 473 3298 563 3352; x_wconf 72' lang='lat' dir='ltr'><strong>etot.</strong></span> <span class='ocrx_word' id='word_1_328' title='bbox 602 3299 673 3350; x_wconf 83' lang='lat' dir='ltr'><strong>Cum</strong></span> <span class='ocrx_word' id='word_1_329' title='bbox 689 3301 782 3369; x_wconf 89' lang='lat' dir='ltr'><strong>itaque</strong></span> <span class='ocrx_word' id='word_1_330' title='bbox 800 3319 851 3351; x_wconf 90' lang='lat' dir='ltr'><strong>nec</strong></span> <span class='ocrx_word' id='word_1_331' title='bbox 867 3300 949 3368; x_wconf 87' lang='lat' dir='ltr'><strong>quid,</strong></span> <span class='ocrx_word' id='word_1_332' title='bbox 978 3315 1029 3348; x_wconf 91' lang='lat' dir='ltr'><strong>nec</strong></span> <span class='ocrx_word' id='word_1_333' title='bbox 1055 3299 1177 3347; x_wconf 79' lang='lat' dir='ltr'><strong>euicrc-</strong></span> 
     </span>
     <span class='ocr_line' id='line_1_38' title="bbox 74 3368 1176 3430; baseline -0.001 -13"><span class='ocrx_word' id='word_1_334' title='bbox 74 3371 190 3430; x_wconf 87' lang='lat' dir='ltr'><strong>diderit,</strong></span> <span class='ocrx_word' id='word_1_335' title='bbox 210 3387 263 3419; x_wconf 87' lang='lat' dir='ltr'><strong>nee</strong></span> <span class='ocrx_word' id='word_1_336' title='bbox 283 3387 331 3419; x_wconf 89' lang='lat' dir='ltr'><strong>cur</strong></span> <span class='ocrx_word' id='word_1_337' title='bbox 348 3369 432 3429; x_wconf 85' lang='lat' dir='ltr'><strong>alicui</strong></span> <span class='ocrx_word' id='word_1_338' title='bbox 450 3371 566 3419; x_wconf 89' lang='lat' dir='ltr'><strong>credere</strong></span> <span class='ocrx_word' id='word_1_339' title='bbox 580 3372 769 3421; x_wconf 87' lang='lat' dir='ltr'><strong>stultissimum</strong></span> <span class='ocrx_word' id='word_1_340' title='bbox 785 3373 879 3430; x_wconf 81' lang='lat' dir='ltr'><strong>luerit,</strong></span> <span class='ocrx_word' id='word_1_341' title='bbox 899 3370 957 3420; x_wconf 93' lang='lat' dir='ltr'><strong>ullo</strong></span> <span class='ocrx_word' id='word_1_342' title='bbox 973 3369 1054 3418; x_wconf 89' lang='lat' dir='ltr'><strong>modo</strong></span> <span class='ocrx_word' id='word_1_343' title='bbox 1073 3368 1176 3418; x_wconf 90' lang='lat' dir='ltr'><strong>intelli·</strong></span> 
     </span>
    </p>

    <p class='ocr_par' dir='ltr' id='par_1_7' title="bbox 7 3435 1201 3996">
     <span class='ocr_line' id='line_1_39' title="bbox 7 3435 1176 3509; baseline -0.002 -19"><span class='ocrx_word' id='word_1_344' title='bbox 7 3435 10 3458; x_wconf 76' lang='lat'>³</span> <span class='ocrx_word' id='word_1_345' title='bbox 74 3448 167 3506; x_wconf 77' lang='lat' dir='ltr'><strong>gutur:</strong></span> <span class='ocrx_word' id='word_1_346' title='bbox 197 3437 369 3489; x_wconf 84' lang='lat' dir='ltr'><strong>Hotornauni</strong></span> <span class='ocrx_word' id='word_1_347' title='bbox 385 3439 572 3507; x_wconf 86' lang='lat' dir='ltr'><strong>conjecturam</strong></span> <span class='ocrx_word' id='word_1_348' title='bbox 586 3443 697 3508; x_wconf 89' lang='lat' dir='ltr'><strong>recepi,</strong></span> <span class='ocrx_word' id='word_1_349' title='bbox 729 3460 798 3509; x_wconf 86' lang='lat' dir='ltr'><strong>quae</strong></span> <span class='ocrx_word' id='word_1_350' title='bbox 814 3449 842 3493; x_wconf 92' lang='lat' dir='ltr'><strong>et</strong></span> <span class='ocrx_word' id='word_1_351' title='bbox 856 3441 990 3492; x_wconf 83' lang='lat' dir='ltr'><strong>facillima</strong></span> <span class='ocrx_word' id='word_1_352' title='bbox 1008 3445 1064 3498; x_wconf 89' lang='lat' dir='ltr'><strong>est,</strong></span> <span class='ocrx_word' id='word_1_353' title='bbox 1092 3446 1176 3488; x_wconf 88' lang='lat' dir='ltr'><strong>etse-</strong></span> 
     </span>
     <span class='ocr_line' id='line_1_40' title="bbox 74 3509 1175 3579; baseline -0.003 -19"><span class='ocrx_word' id='word_1_354' title='bbox 74 3513 217 3576; x_wconf 86' lang='lat' dir='ltr'><strong>qnentibus</strong></span> <span class='ocrx_word' id='word_1_355' title='bbox 229 3533 236 3559; x_wconf 71' lang='grc' dir='ltr'><strong><em>ι</em></strong></span> <span class='ocrx_word' id='word_1_356' title='bbox 256 3529 339 3576; x_wconf 81' lang='lat' dir='ltr'><strong>neque</strong></span> <span class='ocrx_word' id='word_1_357' title='bbox 347 3512 414 3558; x_wconf 86' lang='lat' dir='ltr'><strong>euim</strong></span> <span class='ocrx_word' id='word_1_358' title='bbox 424 3518 472 3560; x_wconf 87' lang='lat' dir='ltr'><strong>etc.</strong></span> <span class='ocrx_word' id='word_1_359' title='bbox 492 3512 593 3579; x_wconf 89' lang='lat' dir='ltr'><strong>optime</strong></span> <span class='ocrx_word' id='word_1_360' title='bbox 611 3513 747 3570; x_wconf 87' lang='lat' dir='ltr'><strong>convenit,</strong></span> <span class='ocrx_word' id='word_1_361' title='bbox 766 3513 945 3579; x_wconf 84' lang='lat' dir='ltr'><strong>firmaturque</strong></span> <span class='ocrx_word' id='word_1_362' title='bbox 955 3511 1049 3564; x_wconf 85' lang='lat' dir='ltr'><strong>verbis</strong></span> <span class='ocrx_word' id='word_1_363' title='bbox 1059 3511 1117 3575; x_wconf 77' lang='lat' dir='ltr'><strong>cap.</strong></span> <span class='ocrx_word' id='word_1_364' title='bbox 1127 3509 1175 3558; x_wconf 74' lang='grc'><strong>50.</strong></span> 
     </span>
     <span class='ocr_line' id='line_1_41' title="bbox 8 3579 1177 3656; baseline -0.004 -24"><span class='ocrx_word' id='word_1_365' title='bbox 8 3587 9 3592; x_wconf 74' lang='grc'>’</span> <span class='ocrx_word' id='word_1_366' title='bbox 73 3581 156 3656; x_wconf 75' lang='grc'>984.</span> <span class='ocrx_word' id='word_1_367' title='bbox 182 3599 205 3631; x_wconf 90' lang='lat' dir='ltr'><strong>c.</strong></span> <span class='ocrx_word' id='word_1_368' title='bbox 223 3580 271 3629; x_wconf 73' lang='lat' dir='ltr'><strong>ol.</strong></span> <span class='ocrx_word' id='word_1_369' title='bbox 295 3583 318 3648; x_wconf 92' lang='grc'>9.</span> <span class='ocrx_word' id='word_1_370' title='bbox 336 3581 386 3632; x_wconf 82' lang='lat'><strong>8⁷.</strong></span> <span class='ocrx_word' id='word_1_371' title='bbox 411 3599 434 3630; x_wconf 89' lang='lat' dir='ltr'><strong>c.</strong></span> <span class='ocrx_word' id='word_1_372' title='bbox 454 3580 502 3631; x_wconf 73' lang='grc'><strong>54.</strong></span> <span class='ocrx_word' id='word_1_373' title='bbox 528 3583 551 3648; x_wconf 88' lang='grc'>9.</span> <span class='ocrx_word' id='word_1_374' title='bbox 569 3582 618 3632; x_wconf 76' lang='grc'><strong>95.</strong></span> <span class='ocrx_word' id='word_1_375' title='bbox 645 3601 668 3632; x_wconf 91' lang='lat' dir='ltr'><strong>c.</strong></span> <span class='ocrx_word' id='word_1_376' title='bbox 685 3581 714 3632; x_wconf 81' lang='lat' dir='ltr'><strong>(i.</strong></span> <span class='ocrx_word' id='word_1_377' title='bbox 741 3582 829 3649; x_wconf 78' lang='grc'>917.</span> <span class='ocrx_word' id='word_1_378' title='bbox 866 3583 981 3651; x_wconf 88' lang='lat' dir='ltr'><strong>Ineptas</strong></span> <span class='ocrx_word' id='word_1_379' title='bbox 1006 3579 1177 3648; x_wconf 68' lang='lat' dir='ltr'><strong>syllabarum</strong></span> 
     </span>
     <span class='ocr_line' id='line_1_42' title="bbox 7 3645 1176 3722; baseline 0 -22"><span class='ocrx_word' id='word_1_380' title='bbox 7 3645 10 3654; x_wconf 69' lang='grc'><strong><em>’</em></strong></span> <span class='ocrx_word' id='word_1_381' title='bbox 73 3653 266 3720; x_wconf 82' lang='lat' dir='ltr'><strong>sejunctioncs,</strong></span> <span class='ocrx_word' id='word_1_382' title='bbox 287 3653 486 3720; x_wconf 82' lang='lat' dir='ltr'><strong>literarumque</strong></span> <span class='ocrx_word' id='word_1_383' title='bbox 500 3653 628 3710; x_wconf 72' lang='lat' dir='ltr'><strong>similium</strong></span> <span class='ocrx_word' id='word_1_384' title='bbox 641 3655 856 3722; x_wconf 87' lang='lat' dir='ltr'><strong>permutationes</strong></span> <span class='ocrx_word' id='word_1_385' title='bbox 871 3655 965 3705; x_wconf 82' lang='lat' dir='ltr'><strong>obvias</strong></span> <span class='ocrx_word' id='word_1_386' title='bbox 980 3647 1080 3703; x_wconf 81' lang='lat' dir='ltr'><strong>esseio</strong></span> <span class='ocrx_word' id='word_1_387' title='bbox 1095 3650 1176 3700; x_wconf 89' lang='lat' dir='ltr'><strong>libris</strong></span> 
     </span>
     <span class='ocr_line' id='line_1_43' title="bbox 72 3721 1176 3790; baseline -0.002 -18"><span class='ocrx_word' id='word_1_388' title='bbox 72 3721 153 3782; x_wconf 77' lang='lat' dir='ltr'><strong>tisis.</strong></span> <span class='ocrx_word' id='word_1_389' title='bbox 180 3722 240 3790; x_wconf 85' lang='lat' dir='ltr'><strong>jam</strong></span> <span class='ocrx_word' id='word_1_390' title='bbox 266 3741 349 3790; x_wconf 86' lang='lat' dir='ltr'><strong>supra</strong></span> <span class='ocrx_word' id='word_1_391' title='bbox 370 3725 480 3783; x_wconf 87' lang='lat' dir='ltr'><strong>monui;</strong></span> <span class='ocrx_word' id='word_1_392' title='bbox 508 3725 547 3773; x_wconf 94' lang='lat' dir='ltr'><strong>sic</strong></span> <span class='ocrx_word' id='word_1_393' title='bbox 576 3742 599 3775; x_wconf 92' lang='lat' dir='ltr'><strong>c.</strong></span> <span class='ocrx_word' id='word_1_394' title='bbox 619 3724 666 3783; x_wconf 57' lang='lat'><strong>52.</strong></span> <span class='ocrx_word' id='word_1_395' title='bbox 694 3723 760 3774; x_wconf 86' lang='lat' dir='ltr'><strong>Par.</strong></span> <span class='ocrx_word' id='word_1_396' title='bbox 778 3726 803 3776; x_wconf 87' lang='grc'><strong>1.</strong></span> <span class='ocrx_word' id='word_1_397' title='bbox 830 3727 920 3774; x_wconf 77' lang='lat' dir='ltr'><strong>tantus</strong></span> <span class='ocrx_word' id='word_1_398' title='bbox 945 3726 973 3773; x_wconf 88' lang='lat' dir='ltr'><strong>in</strong></span> <span class='ocrx_word' id='word_1_399' title='bbox 994 3728 1088 3772; x_wconf 74' lang='lat' dir='ltr'><strong>aucttts</strong></span> <span class='ocrx_word' id='word_1_400' title='bbox 1106 3738 1176 3789; x_wconf 81' lang='lat' dir='ltr'><strong>pro:</strong></span> 
     </span>
     <span class='ocr_line' id='line_1_44' title="bbox 72 3789 1177 3860; baseline 0.002 -21"><span class='ocrx_word' id='word_1_401' title='bbox 72 3800 146 3842; x_wconf 85' lang='lat' dir='ltr'><strong>tanta</strong></span> <span class='ocrx_word' id='word_1_402' title='bbox 161 3795 186 3842; x_wconf 87' lang='lat' dir='ltr'><strong>si</strong></span> <span class='ocrx_word' id='word_1_403' title='bbox 202 3789 389 3850; x_wconf 46' lang='lat' dir='ltr'><strong>decertasset</strong></span> <span class='ocrx_word' id='word_1_404' title='bbox 408 3812 467 3860; x_wconf 83' lang='lat' dir='ltr'><strong>cap.</strong></span> <span class='ocrx_word' id='word_1_405' title='bbox 487 3794 535 3844; x_wconf 80' lang='lat'><strong>58.</strong></span> <span class='ocrx_word' id='word_1_406' title='bbox 554 3794 635 3846; x_wconf 86' lang='lat' dir='ltr'><strong>Parr.</strong></span> <span class='ocrx_word' id='word_1_407' title='bbox 659 3795 735 3844; x_wconf 85' lang='lat' dir='ltr'><strong>meli.</strong></span> <span class='ocrx_word' id='word_1_408' title='bbox 755 3795 780 3844; x_wconf 91' lang='lat' dir='ltr'><strong>l.</strong></span> <span class='ocrx_word' id='word_1_409' title='bbox 797 3793 826 3845; x_wconf 75' lang='grc'><strong>4.</strong></span> <span class='ocrx_word' id='word_1_410' title='bbox 852 3813 883 3844; x_wconf 86' lang='lat' dir='ltr'><strong>ac</strong></span> <span class='ocrx_word' id='word_1_411' title='bbox 904 3813 965 3845; x_wconf 86' lang='lat' dir='ltr'><strong>vere</strong></span> <span class='ocrx_word' id='word_1_412' title='bbox 988 3810 1041 3860; x_wconf 85' lang='lat' dir='ltr'><strong>pro</strong></span> <span class='ocrx_word' id='word_1_413' title='bbox 1065 3810 1177 3850; x_wconf 81' lang='lat' dir='ltr'><strong>acuere,</strong></span> 
     </span>
     <span class='ocr_line' id='line_1_45' title="bbox 72 3861 1192 3983; baseline 0.004 -69"><span class='ocrx_word' id='word_1_414' title='bbox 72 3881 94 3983; x_wconf 62' lang='grc'>9.</span> <span class='ocrx_word' id='word_1_415' title='bbox 109 3863 158 3914; x_wconf 71' lang='lat'><strong>46.</strong></span> <span class='ocrx_word' id='word_1_416' title='bbox 176 3865 242 3912; x_wconf 81' lang='lat' dir='ltr'><strong>Par.</strong></span> <span class='ocrx_word' id='word_1_417' title='bbox 259 3863 287 3914; x_wconf 75' lang='grc'><strong>4.</strong></span> <span class='ocrx_word' id='word_1_418' title='bbox 306 3882 386 3913; x_wconf 84' lang='lat' dir='ltr'><strong>auara</strong></span> <span class='ocrx_word' id='word_1_419' title='bbox 401 3881 475 3912; x_wconf 75' lang='lat' dir='ltr'><strong>recuso</strong></span> <span class='ocrx_word' id='word_1_420' title='bbox 493 3882 545 3932; x_wconf 90' lang='lat' dir='ltr'><strong>pra</strong></span> <span class='ocrx_word' id='word_1_421' title='bbox 565 3883 619 3916; x_wconf 88' lang='lat' dir='ltr'><strong>uua</strong></span> <span class='ocrx_word' id='word_1_422' title='bbox 636 3868 664 3916; x_wconf 85' lang='lat' dir='ltr'><strong>in</strong></span> <span class='ocrx_word' id='word_1_423' title='bbox 682 3865 757 3915; x_wconf 81' lang='lat' dir='ltr'><strong>dorso</strong></span> <span class='ocrx_word' id='word_1_424' title='bbox 776 3866 913 3917; x_wconf 86' lang='lat' dir='ltr'><strong>exhibent.</strong></span> <span class='ocrx_word' id='word_1_425' title='bbox 950 3883 976 3918; x_wconf 75' lang='lat' dir='ltr'><strong>v.</strong></span> <span class='ocrx_word' id='word_1_426' title='bbox 991 3883 1019 3934; x_wconf 85' lang='lat' dir='ltr'><strong>p-</strong></span> <span class='ocrx_word' id='word_1_427' title='bbox 1034 3863 1107 3915; x_wconf 78' lang='lat' dir='ltr'><strong>Mur·</strong></span> <span class='ocrx_word' id='word_1_428' title='bbox 1129 3861 1192 3915; x_wconf 49' lang='lat'><strong>12(</strong></span> 
     </span>
     <span class='ocr_line' id='line_1_46' title="bbox 92 3934 1201 3996; baseline -0.002 -12"><span class='ocrx_word' id='word_1_429' title='bbox 92 3935 119 3984; x_wconf 80' lang='lat' dir='ltr'><strong>il.</strong></span> <span class='ocrx_word' id='word_1_430' title='bbox 137 3934 178 3984; x_wconf 74' lang='grc'><strong>29</strong></span> <span class='ocrx_word' id='word_1_431' title='bbox 198 3941 252 3984; x_wconf 88' lang='lat' dir='ltr'><strong>etc.</strong></span> <span class='ocrx_word' id='word_1_432' title='bbox 836 3945 843 3966; x_wconf 65' lang='lat'><strong>“¹</strong></span> <span class='ocrx_word' id='word_1_433' title='bbox 1008 3938 1014 3951; x_wconf 75' lang='lat'><em>⁴</em></span> <span class='ocrx_word' id='word_1_434' title='bbox 1095 3945 1098 3949; x_wconf 78' lang='grc'><em>’</em></span> <span class='ocrx_word' id='word_1_435' title='bbox 1197 3983 1201 3996; x_wconf 57' lang='lat'><strong>,</strong></span> 
     </span>
    </p>

    <p class='ocr_par' dir='ltr' id='par_1_8' title="bbox 71 3998 1178 4424">
     <span class='ocr_line' id='line_1_47' title="bbox 112 3998 1178 4072; baseline -0.002 -16"><span class='ocrx_word' id='word_1_436' title='bbox 112 4022 205 4068; x_wconf 77' lang='lat' dir='ltr'><strong>,neque</strong></span> <span class='ocrx_word' id='word_1_437' title='bbox 219 4011 294 4052; x_wconf 83' lang='lat' dir='ltr'><strong>teste.</strong></span> <span class='ocrx_word' id='word_1_438' title='bbox 330 4021 359 4071; x_wconf 86' lang='lat' dir='ltr'><strong>p.</strong></span> <span class='ocrx_word' id='word_1_439' title='bbox 381 4004 486 4054; x_wconf 84' lang='lat' dir='ltr'><strong>Flacco</strong></span> <span class='ocrx_word' id='word_1_440' title='bbox 508 4001 616 4056; x_wconf 82' lang='lat' dir='ltr'><strong>9extr.</strong></span> <span class='ocrx_word' id='word_1_441' title='bbox 646 4005 739 4072; x_wconf 88' lang='lat' dir='ltr'><strong>[laud.</strong></span> <span class='ocrx_word' id='word_1_442' title='bbox 759 3998 850 4072; x_wconf 58' lang='lat' dir='ltr'><strong>Ilots]</strong></span> <span class='ocrx_word' id='word_1_443' title='bbox 890 4004 982 4066; x_wconf 77' lang='lat' dir='ltr'><strong>Quid?</strong></span> <span class='ocrx_word' id='word_1_444' title='bbox 1022 4007 1047 4055; x_wconf 87' lang='lat' dir='ltr'><strong>si</strong></span> <span class='ocrx_word' id='word_1_445' title='bbox 1072 4005 1178 4056; x_wconf 82' lang='lat' dir='ltr'><strong>testium</strong></span> 
     </span>
     <span class='ocr_line' id='line_1_48' title="bbox 72 4075 1176 4132; baseline 0.003 -11"><span class='ocrx_word' id='word_1_446' title='bbox 72 4075 186 4123; x_wconf 87' lang='lat' dir='ltr'><strong>studium</strong></span> <span class='ocrx_word' id='word_1_447' title='bbox 205 4093 262 4122; x_wconf 87' lang='lat' dir='ltr'><strong>eum</strong></span> <span class='ocrx_word' id='word_1_448' title='bbox 278 4083 434 4124; x_wconf 82' lang='lat' dir='ltr'><strong>accusatore</strong></span> <span class='ocrx_word' id='word_1_449' title='bbox 451 4076 582 4132; x_wconf 83' lang='lat' dir='ltr'><strong>sociatum</strong></span> <span class='ocrx_word' id='word_1_450' title='bbox 600 4083 666 4132; x_wconf 55' lang='lat' dir='ltr'><strong>esto</strong></span> <span class='ocrx_word' id='word_1_451' title='bbox 684 4084 803 4126; x_wconf 84' lang='lat' dir='ltr'><strong>tamenne</strong></span> <span class='ocrx_word' id='word_1_452' title='bbox 826 4076 873 4125; x_wconf 84' lang='lat' dir='ltr'><strong>isti</strong></span> <span class='ocrx_word' id='word_1_453' title='bbox 891 4083 969 4125; x_wconf 85' lang='lat' dir='ltr'><strong>testes</strong></span> <span class='ocrx_word' id='word_1_454' title='bbox 987 4076 1176 4131; x_wconf 72' lang='lat' dir='ltr'><strong>habebuntur?</strong></span> 
     </span>
     <span class='ocr_line' id='line_1_49' title="bbox 73 4132 1177 4210; baseline 0.001 -18"><span class='ocrx_word' id='word_1_455' title='bbox 73 4162 95 4193; x_wconf 90' lang='lat' dir='ltr'><strong>c.</strong></span> <span class='ocrx_word' id='word_1_456' title='bbox 115 4145 169 4194; x_wconf 75' lang='lat'><strong>10:</strong></span> <span class='ocrx_word' id='word_1_457' title='bbox 209 4132 268 4193; x_wconf 80' lang='lat' dir='ltr'><strong>llos</strong></span> <span class='ocrx_word' id='word_1_458' title='bbox 286 4173 318 4183; x_wconf 78' lang='lat'>-</span> <span class='ocrx_word' id='word_1_459' title='bbox 335 4145 400 4210; x_wconf 74' lang='lat' dir='ltr'><strong>quaid</strong></span> <span class='ocrx_word' id='word_1_460' title='bbox 417 4149 477 4194; x_wconf 85' lang='lat' dir='ltr'><strong>est?</strong></span> <span class='ocrx_word' id='word_1_461' title='bbox 504 4163 558 4194; x_wconf 81' lang='lat' dir='ltr'><strong>rema</strong></span> <span class='ocrx_word' id='word_1_462' title='bbox 571 4145 677 4203; x_wconf 82' lang='lat' dir='ltr'><strong>sedent,</strong></span> <span class='ocrx_word' id='word_1_463' title='bbox 705 4165 739 4196; x_wconf 86' lang='lat' dir='ltr'><strong>ex</strong></span> <span class='ocrx_word' id='word_1_464' title='bbox 758 4153 942 4196; x_wconf 75' lang='lat' dir='ltr'><strong>accusatorum</strong></span> <span class='ocrx_word' id='word_1_465' title='bbox 959 4148 1096 4197; x_wconf 81' lang='lat' dir='ltr'><strong>subselliis</strong></span> <span class='ocrx_word' id='word_1_466' title='bbox 1118 4163 1177 4195; x_wconf 89' lang='lat' dir='ltr'><strong>sur-</strong></span> 
     </span>
     <span class='ocr_line' id='line_1_50' title="bbox 71 4211 1176 4287; baseline 0.002 -25"><span class='ocrx_word' id='word_1_467' title='bbox 71 4223 142 4282; x_wconf 72' lang='lat' dir='ltr'><strong>puut.</strong></span> <span class='ocrx_word' id='word_1_468' title='bbox 180 4215 266 4264; x_wconf 85' lang='lat' dir='ltr'><strong>Adde</strong></span> <span class='ocrx_word' id='word_1_469' title='bbox 286 4233 345 4283; x_wconf 88' lang='lat' dir='ltr'><strong>esp.</strong></span> <span class='ocrx_word' id='word_1_470' title='bbox 364 4216 428 4266; x_wconf 66' lang='grc' dir='ltr'><strong>Π..</strong></span> <span class='ocrx_word' id='word_1_471' title='bbox 449 4216 481 4266; x_wconf 74' lang='lat' dir='ltr'><strong>Sc·</strong></span> <span class='ocrx_word' id='word_1_472' title='bbox 499 4235 574 4282; x_wconf 76' lang='lat' dir='ltr'><strong>queem</strong></span> <span class='ocrx_word' id='word_1_473' title='bbox 593 4217 680 4287; x_wconf 70' lang='lat' dir='ltr'><strong>iuliano</strong></span> <span class='ocrx_word' id='word_1_474' title='bbox 698 4211 755 4266; x_wconf 86' lang='lat' dir='ltr'><strong>loco</strong></span> <span class='ocrx_word' id='word_1_475' title='bbox 774 4225 865 4266; x_wconf 86' lang='lat' dir='ltr'><strong>natum</strong></span> <span class='ocrx_word' id='word_1_476' title='bbox 883 4216 1048 4284; x_wconf 66' lang='lat' dir='ltr'><strong>descenderem</strong></span> <span class='ocrx_word' id='word_1_477' title='bbox 1057 4217 1176 4286; x_wconf 70' lang='lat' dir='ltr'><strong>:depre-</strong></span> 
     </span>
     <span class='ocr_line' id='line_1_51' title="bbox 72 4287 1176 4354; baseline 0.005 -22"><span class='ocrx_word' id='word_1_478' title='bbox 72 4303 163 4344; x_wconf 73' lang='lat' dir='ltr'><strong>eecce,</strong></span> <span class='ocrx_word' id='word_1_479' title='bbox 191 4303 225 4333; x_wconf 85' lang='lat' dir='ltr'><strong>ue</strong></span> <span class='ocrx_word' id='word_1_480' title='bbox 243 4287 341 4354; x_wconf 74' lang='lat' dir='ltr'><strong>ipuotis</strong></span> <span class='ocrx_word' id='word_1_481' title='bbox 356 4289 482 4344; x_wconf 84' lang='lat' dir='ltr'><strong>testibus,</strong></span> <span class='ocrx_word' id='word_1_482' title='bbox 513 4307 544 4336; x_wconf 89' lang='lat' dir='ltr'><strong>ue</strong></span> <span class='ocrx_word' id='word_1_483' title='bbox 569 4289 735 4338; x_wconf 86' lang='lat' dir='ltr'><strong>accusatoris</strong></span> <span class='ocrx_word' id='word_1_484' title='bbox 760 4289 957 4339; x_wconf 83' lang='lat' dir='ltr'><strong>consessoribus</strong></span> <span class='ocrx_word' id='word_1_485' title='bbox 983 4318 1014 4328; x_wconf 91' lang='lat'>-</span> <span class='ocrx_word' id='word_1_486' title='bbox 1038 4289 1121 4338; x_wconf 82' lang='lat' dir='ltr'><strong>ciuem</strong></span> <span class='ocrx_word' id='word_1_487' title='bbox 1144 4305 1176 4338; x_wconf 90' lang='lat' dir='ltr'><strong>ac</strong></span> 
     </span>
     <span class='ocr_line' id='line_1_52' title="bbox 72 4351 752 4424; baseline 0 -20"><span class='ocrx_word' id='word_1_488' title='bbox 72 4351 216 4424; x_wconf 76' lang='lat' dir='ltr'><strong>supplicem</strong></span> <span class='ocrx_word' id='word_1_489' title='bbox 235 4363 350 4405; x_wconf 86' lang='lat' dir='ltr'><strong>vestrum</strong></span> <span class='ocrx_word' id='word_1_490' title='bbox 367 4357 509 4406; x_wconf 81' lang='lat' dir='ltr'><strong>dederatis.</strong></span> <span class='ocrx_word' id='word_1_491' title='bbox 749 4385 752 4404; x_wconf 78' lang='grc'>.</span> 
     </span>
    </p>

    <p class='ocr_par' dir='ltr' id='par_1_9' title="bbox 76 4423 1175 4570">
     <span class='ocr_line' id='line_1_53' title="bbox 121 4423 1175 4498; baseline 0.006 -22"><span class='ocrx_word' id='word_1_492' title='bbox 121 4425 217 4493; x_wconf 86' lang='lat' dir='ltr'><strong>paullo</strong></span> <span class='ocrx_word' id='word_1_493' title='bbox 228 4432 322 4476; x_wconf 83' lang='lat' dir='ltr'><strong>tamea.</strong></span> <span class='ocrx_word' id='word_1_494' title='bbox 340 4428 458 4494; x_wconf 78' lang='lat' dir='ltr'><strong>Addunt</strong></span> <span class='ocrx_word' id='word_1_495' title='bbox 472 4425 566 4484; x_wconf 75' lang='lat' dir='ltr'><strong>tament,</strong></span> <span class='ocrx_word' id='word_1_496' title='bbox 585 4427 659 4495; x_wconf 86' lang='lat' dir='ltr'><strong>quod</strong></span> <span class='ocrx_word' id='word_1_497' title='bbox 674 4429 702 4481; x_wconf 87' lang='lat' dir='ltr'><strong>in</strong></span> <span class='ocrx_word' id='word_1_498' title='bbox 715 4427 802 4498; x_wconf 72' lang='lat' dir='ltr'><strong>Vulg.</strong></span> <span class='ocrx_word' id='word_1_499' title='bbox 820 4427 908 4490; x_wconf 80' lang='lat' dir='ltr'><strong>abest,</strong></span> <span class='ocrx_word' id='word_1_500' title='bbox 927 4427 1008 4480; x_wconf 84' lang='lat' dir='ltr'><strong>Parr.</strong></span> <span class='ocrx_word' id='word_1_501' title='bbox 1022 4423 1091 4480; x_wconf 64' lang='lat'><strong>124.</strong></span> <span class='ocrx_word' id='word_1_502' title='bbox 1105 4424 1133 4480; x_wconf 82' lang='lat'><strong>8.</strong></span> <span class='ocrx_word' id='word_1_503' title='bbox 1146 4425 1175 4482; x_wconf 78' lang='lat'><strong>9·</strong></span> 
     </span>
     <span class='ocr_line' id='line_1_54' title="bbox 76 4494 737 4570; baseline 0.006 -24"><span class='ocrx_word' id='word_1_504' title='bbox 76 4494 147 4548; x_wconf 75' lang='lat'><strong>051.</strong></span> <span class='ocrx_word' id='word_1_505' title='bbox 165 4497 229 4548; x_wconf 85' lang='lat' dir='ltr'><strong>edd.</strong></span> <span class='ocrx_word' id='word_1_506' title='bbox 245 4497 325 4550; x_wconf 85' lang='lat' dir='ltr'><strong>Item.</strong></span> <span class='ocrx_word' id='word_1_507' title='bbox 343 4498 414 4550; x_wconf 83' lang='lat' dir='ltr'><strong>Veu.</strong></span> <span class='ocrx_word' id='word_1_508' title='bbox 438 4504 466 4550; x_wconf 90' lang='lat' dir='ltr'><strong>et</strong></span> <span class='ocrx_word' id='word_1_509' title='bbox 485 4498 670 4570; x_wconf 68' lang='lat' dir='ltr'><strong>Naugeriana.</strong></span> <span class='ocrx_word' id='word_1_510' title='bbox 734 4562 737 4570; x_wconf 70' lang='lat'><em>,</em></span> 
     </span>
    </p>
   </div>
   <div class='ocr_carea' id='block_1_5' title="bbox 0 0 1432 5024">
    <p class='ocr_par' dir='ltr' id='par_1_10' title="bbox 0 0 1432 5024">
     <span class='ocr_line' id='line_1_55' title="bbox 0 0 1432 5024; baseline 0 0"><span class='ocrx_word' id='word_1_511' title='bbox 0 0 1432 5024; x_wconf 95' lang='lat' dir='ltr'><strong> </strong></span> 
     </span>
    </p>
   </div>
  </div>
 </body>
</html>
