2766 5026
215 379 300 461 543
599 379 981 462 orario

215 572 362 636 Miloni?
383 571 488 636 Fecit.
530 569 632 636 Certa
651 592 739 637 crux.
761 573 878 636 Nullas
902 573 994 639 feeit.
1016 571 1158 657 Sperata
1174 571 1318 637 libertas.

217 657 308 734 Quid
340 657 402 718 hae
434 655 626 740 quaestione
654 658 803 718 certius?
856 659 973 720 Subito
1008 659 1132 738 arrepti
1160 657 1195 717 in
1225 651 1319 741 quae·

164 809 167 816 ‚
216 742 376 816 ationem,
405 749 513 802 tamen
543 747 737 820 separantur
760 763 778 802 a
801 742 944 817 ceteris,
976 748 1009 803 et
1031 741 1067 802 in
1098 762 1191 801 arcas
1219 741 1318 802 eonii·

209 823 366 902 ciuntur,
398 844 438 884 ne
460 825 532 906 quis
553 823 688 884 cum-iis
709 823 855 908 colloqui
876 823 994 906 possit.
1036 823 1084 884 Hi
1103 826 1236 884 centurn
1254 825 1318 885 dies

214 927 317 988 penes
348 916 572 988 accusatqrem
599 927 670 967 cum
696 906 855 981 tuissent,
886 909 926 970 ab
957 928 996 968 eo
1023 906 1100 988 ipso
1130 916 1318 968 accusatore

214 990 369 1070 producti
386 998 473 1052 sunt.
516 988 607 1066 Quid
627 989 688 1050 hac
711 991 904 1074 quaestione
921 989 988 1052 dici
1003 998 1117 1073 potest
1132 990 1318 1072 integrius?

49 1113 53 1121 -
165 1074 296 1159 gqquid
319 1073 571 1153 incorruptius?
911 1133 915 1145 ,

279 1155 516 1218 caaxxul.
560 1155 690 1233 Quodsi
716 1156 860 1218 nondum
879 1157 961 1218 satis
986 1156 1141 1231 cernitis,
1177 1177 1316 1217 omres

195 1240 287 1323 'ipsa
323 1245 373 1302 tot
407 1247 472 1300 tam
509 1239 605 1301 elaris
639 1241 837 1319 argumentis
865 1240 1034 1324 signisque
1063 1239 1199 1313 luceat,
1244 1260 1316 1320 pura

212 1331 322 1402 mente
364 1331 461 1406 atque
497 1323 625 1402 integra
647 1321 825 1397 Milonem,
866 1323 958 1394 nullo
989 1322 1115 1383 scelere
1132 1322 1315 1396 imbutum,

213 1407 307 1467 nullo
336 1414 425 1468 metu
446 1406 678 1487 perterritum,
720 1405 812 1467 nulla
840 1406 1066 1496 couscientia
1084 1407 1312 1478 exanimatum,

214 1487 349 1550 Romam
380 1488 577 1550 revertisse:
621 1489 860 1564 recordamini,
895 1511 955 1570 per
988 1488 1068 1551 deos
1099 1489 1309 1550 immortales!

217 1593 301 1654 quae
319 1572 419 1634 fuerit
435 1573 588 1642 celeritas
605 1571 843 1638 reditus'eiusr
875 1573 931 1670 qui
953 1573 1121 1653 ingressus
1138 1573 1174 1632 in
1192 1574 1302 1646 forna,

215 1655 351 1715 ardente
375 1654 479 1715 curia:
514 1665 597 1739 quae
616 1655 806 1736 magnitudo
836 1655 953 1729 ammi,
983 1656 1039 1740 qui
1075 1657 1207 1731 vultus,
1242 1675 1307 1739 qnae

215 1737 332 1799 oratio.
384 1737 499 1819 Neque
526 1759 602 1800 vero
629 1737 814 1819 sepopulo
835 1738 967 1812 solum,
995 1738 1170 1799 sedetiam
1192 1736 1313 1800 senatui

214 1821 394 1882 commisit:
426 1841 532 1903 neque
551 1821 687 1882 senatui
713 1822 830 1882 modo:
866 1821 1044 1883 sedetiam
1065 1822 1210 1902 publicis
1226 1843 1314 1902 prae·

214 1903 309 1964 aidiis
344 1912 378 1964 et
406 1904 519 1964 armis:
562 1925 669 1987 neque
704 1903 756 1964 his
788 1911 949 1978 tantum,
969 1925 1080 1967 verum
1097 1905 1211 1966 retiam
1252 1905 1315 1964 eius

213 1987 392 2068 potestati,
421 1987 474 2048 cui
492 1995 626 2048 senatus
645 1995 749 2048 totam
768 1988 1023 2069 rempublicam,
1057 2011 1182 2050 omnem
1201 1988 1316 2048 ltaliae

211 2071 348 2154 pubem,
379 2078 498 2133 cuncta
515 2069 630 2152 populi
645 2071 783 2132 Romani
800 2076 886 2142 arma
904 2071 1124 2133 commiserat:
1154 2071 1210 2132 cni
1228 2092 1316 2131 num·

211 2266 286 2330 Plin.
305 2272 368 2327 Vll
386 2275 441 2329 252
477 2277 590 2347 Recepit
605 2295 635 2328 sc
653 2277 682 2328 in
699 2295 781 2349 agros
798 2283 884 2337 suos,
897 2279 1058 2348 paratisque
1077 2277 1224 2328 honoribus
1243 2284 1314 2328 tran

213 2348 401 2418 quillissimum
419 2349 501 2398 otium
515 2349 650 2418 praetulit
656 2369 666 2410 ς
694 2349 742 2400 nbi
761 2351 926 2402 veterrimus
944 2349 1020 2401 Mans
1039 2348 1124 2401 habet
1140 2350 1312 2418 operatisque.
1367 2380 1372 2391 ·

267 2436 355 2470 arcas.
391 2419 490 2471 Festus
508 2420 536 2469 iu
554 2437 580 2471 v.
599 2420 719 2470 Bolum:
756 2420 849 2472 Robur
875 2422 904 2472 in
931 2438 1038 2471 earcere
1064 2420 1166 2471 dieitur
1184 2421 1209 2470 is
1233 2419 1312 2476 heus,

212 2504 264 2557 quo
281 2491 480 2559 praecipitatur
497 2485 675 2562 maleficorum
692 2509 791 2560 penus,
821 2491 893 2559 quod
910 2499 971 2542 aute
990 2492 1062 2541 arcis
1080 2489 1310 2542 retentaris-iacis-

212 2557 335 2610 debatur.
359 2589 391 2598 —
428 2578 506 2630 peaes
525 2579 622 2617 acm,
649 2561 785 2630 Ulpianus
803 2564 833 2614 in
850 2564 886 2614 fr.
907 2563 935 2614 l.
960 2562 982 2632 5.
1003 2562 1022 2612 2
1041 2561 1077 2612 l).
1095 2559 1155 2622 48,
1174 2559 1233 2612 182
1268 2557 1311 2610 Ad

212 2631 394 2699 quaestionem
410 2649 463 2681 uon
481 2649 537 2681 esse
552 2631 738 2700 provocandos
757 2651 817 2692 eos,
851 2650 917 2700 quos
942 2639 1085 2683 accusator
1109 2631 1142 2682 de
1167 2631 1244 2682 doaso
1264 2647 1310 2681 sno

209 2696 389 2822 ppoduaerit,
417 2721 464 2754 ricc
487 2700 571 2770 facile
589 2703 762 2763 credundum,
788 2707 918 2775 rescripto
936 2701 1067 2763 Diuorum
1082 2701 1202 2771 fratrum
1221 2701 1309 2752 erle·

212 2772 357 2823 curatur..
632 2819 634 2825 .
675 2800 676 2806 =

166 2879 167 2884 ,
237 2839 488 2910 .xxl11.§=6l.
517 2848 637 2893 tottam.
665 2842 749 2895 ulv
765 2841 828 2895 Cat.
848 2845 870 2914 5.
889 2841 918 2896 6.
937 2861 1021 2912 supra
1040 2843 1063 2910 5.
1083 2840 1132 2894 58.
1151 2841 1213 2895 Lis.
1229 2838 1309 2892 XXV

211 2911 268 2973 24,
290 2913 345 2965 15:
385 2911 569 2974 Ocaurrebant
587 2905 619 2954 ¹-
639 2919 679 2964 tot
698 2913 769 2964 bella
788 2933 845 2965 erun
865 2911 1135 2984 Carthaginiensibus
1157 2919 1234 2963 tanto
1257 2929 1307 2963 cua

134 3019 139 3024 -
210 2981 363 3034 discrimine
380 2987 473 3054 pasta,
503 2991 547 3054 tot
571 2981 626 3034 tom
647 2983 764 3052 opulenti
784 2987 894 3053 tgrarsrsi
912 2997 1047 3056 regesque.
1084 2983 1120 3034 ad
1139 3001 1166 3052 q.
1185 2984 1203 3036 l.
1225 2983 1305 3034 Gron.

212 3060 241 3107 et
259 3055 482 3108 Biak.,laudant
499 3055 573 3104 XXI
591 3053 620 3106 9.
640 3055 742 3106 XXVI
764 3056 809 3106 15.
828 3057 857 3106 V
875 3055 917 3108 54
934 3064 985 3108 etc.
1008 3083 1040 3094 -
1073 3071 1145 3123 pura
1156 3056 1305 3124 -intepra

211 3125 315 3176 Juncta
332 3127 464 3194 leguntur
484 3127 578 3176 eadem
597 3126 631 3176 de
650 3125 686 3176 N.
705 3127 741 3176 Ι).
757 3126 791 3175 II
812 3126 864 3184 ll,
884 3127 940 3178 512
980 3125 1035 3189 Qui
1053 3125 1190 3194 [mons]
1210 3127 1304 3193 integro

207 3203 239 3246 ct
252 3213 322 3264 puro
340 3203 367 3266 et
384 3197 468 3247 libero
490 3223 521 3234 —
544 3195 642 3246 ardore
660 3203 790 3248 teneatur.
816 3197 901 3250 Tuae.
911 3197 934 3254 ,I
954 3197 991 3248 1⁷
1012 3203 1099 3248 extra
1126 3195 1217 3248 Multo
1234 3196 1305 3247 etiarn

211 3267 362 3336 integriora
381 3285 412 3317 ae
427 3268 542 3337 puriora
560 3273 630 3318 ssent.
906 3301 909 3307 -
1195 3303 1197 3308 .
1226 3303 1228 3314 .

263 3338 369 3388 senatui
387 3338 524 3388 commisit.
562 3337 611 3388 Sic
628 3335 711 3388 Pare.
731 3337 746 3388 l
767 3343 833 3389 text.
852 3337 872 3390 2
889 3353 977 3406 marg.
995 3335 1023 3388 4.
1042 3333 1069 3388 6.
1089 3335 1159 3388 st.
1179 3336 1206 3386 d.
1224 3350 1301 3400 marg.

211 3404 274 3458 Erl.
303 3407 374 3459 llitt.
391 3409 506 3460 ‘Werrl
533 3407 618 3458 Febr.
645 3407 714 3475 Lag.
735 3407 773 3459 15
792 3427 826 3458 m.
846 3426 867 3460 s.
888 3403 931 3448 -’
957 3406 1055 3458 Verlra
1080 3407 1210 3457 comersisit
1229 3419 1301 3470 neque

212 3477 312 3530 absunt
330 3497 346 3530 a
363 3478 432 3546 Lag.
451 3478 500 3530 45.
521 3477 605 3539 01η
622 3484 663 3529 ·et
683 3485 719 3534 τὸ
739 3479 869 3530 oomniait
895 3498 912 3529 a
931 3479 1032 3530 ceteris
1057 3483 1085 3530 et
1101 3477 1168 3528 Par.
1189 3477 1206 3529 i
1224 3490 1301 3542 marg.

211 3546 240 3598 in
268 3567 321 3616 qua
338 3550 401 3601 voci
419 3549 523 3600 sertatui
542 3549 759 3617 suprascriptum
779 3555 836 3605 est:
872 3549 988 3600 tradidit
1010 3549 1070 3598 scil.
1106 3548 1214 3616 Aquila
1229 3549 1262 3598 R.
1277 3561 1300 3612 p

208 3617 288 3686 ‚1812
308 3616 416 3671 Climax
434 3619 588 3690 configura,
608 3621 637 3669 in
655 3636 708 3685 qua
724 3627 884 3688 postremum
902 3619 1159 3687 quodquauerbuns,
1178 3619 1300 3687 inpriore

211 3690 324 3739 membro
349 3698 397 3740 aut
418 3698 498 3759 parte
517 3690 612 3755 aliqua
630 3689 786 3741 elocutionis
802 3692 935 3761 positura,
972 3691 1000 3740 in
1017 3691 1180 3758 superiorem
1207 3689 1300 3757 [poste-

212 3760 329 3829 riorem]
347 3777 451 3812 rursum
469 3767 613 3810 assumtum
631 3760 769 3832 injicitur,
801 3770 881 3827 atque
906 3763 947 3811 ita
964 3760 1038 3811 velut
1055 3761 1186 3830 gradibus
1205 3760 1299 3827 qssitns·

211 3829 274 3881 dam
287 3833 462 3882 connectitur
487 3832 584 3882 oratio.
611 3859 644 3870 --
682 3830 728 3882 Sic
752 3831 791 3882 M.
812 3831 917 3883 Tullius
930 3851 959 3901 p.
976 3831 1095 3881 Milone=
1134 3831 1229 3896 Neque
1245 3841 1297 3879 uere

210 3918 240 3951 ce
255 3917 322 3969 pop.
336 3902 386 3952 sol.
404 3901 451 3953 sed
468 3904 549 3952 etiarn
566 3902 672 3955 senatui
690 3903 834 3956 commisitt
861 3921 908 3953 aec
930 3920 989 3952 oea.
1016 3921 1049 3952 ns.
1075 3901 1122 3952 sesi
1139 3902 1220 3957 etiosa
1233 3895 1297 3970 pail.

207 3988 252 4042 pr.
271 3977 298 4020 et
315 3972 413 4024 arrais's
437 3992 519 4039 acque
537 3973 580 4024 liis
599 3978 666 4024 tant.
685 3972 732 4023 recl
750 3974 831 4024 ctiam
849 3973 905 4043 ejus
921 3973 1065 4041 potestati,
1085 3973 1128 4023 eui
1146 3990 1202 4024 sen.
1218 3975 1262 4021 tot.
1277 3983 1296 4018 r.

207 4059 237 4111 p.
256 4043 393 4097 commisit.
429 4041 537 4110 [Marc.
557 4043 628 4111 Cap.
647 4062 675 4113 p.
692 4043 768 4094 450:
789 4071 821 4083 ·-
840 4061 929 4095 uerum
947 4045 1029 4110 etiarn
1046 4044 1102 4114 ejus
1138 4051 1174 4114 ot.
1194 4043 1235 4094 cai
1250 4056 1295 4090 seo·

204 4118 259 4185 tot.
279 4129 302 4163 r.
318 4131 347 4181 p.
367 4115 560 4182 contruserat]
595 4115 790 4176 Idemlaudat
806 4114 887 4166 'liena
906 4133 933 4182 p.
953 4132 1011 4166 cor.
1030 4133 1058 4182 p.
1078 4061 1155 4173 283,
1176 4099 1210 4165 8‘2
1244 4111 1294 4163 0152

211 4179 296 4239 sinor
315 4187 369 4253 pir
387 4189 504 4257 ταῦτα,
531 4187 586 4240 οὐκ
607 4184 722 4260 ’ἔγραψα
741 4183 792 4257 δὲ,
817 4185 1115 4256 cacciaquerrae,
1144 4186 1200 4240 otia
1217 4182 1294 4253 taetu-

194 4247 303 4318 βουσα
331 4253 382 4325 δὲ,
411 4252 482 4308 οὐδὲ
508 4256 679 4330 ἐπρέσβευσα
704 4259 777 4327 μὲν,
805 4258 860 4312 οὐκ
885 4253 983 4312 ἔπεισα
1001 4253 1032 4309 δὲ
1050 4260 1122 4322 τοὺς
1140 4252 1292 4320 Θηβαίοῡ6’

210 4320 279 4377 ἀλλ’
305 4325 363 4380 ἀπὸ
389 4329 441 4388 τῆς
468 4327 559 4394 ἀρχῆς
585 4323 637 4380 διὰ
660 4327 779 4384 πάντων
805 4323 876 4403 ἄχρι
901 4330 953 4394 τῆς
976 4325 1117 4394 τελευτῆς
1141 4321 1291 4394 διεξῆλθον·

209 4407 236 4444 s.
258 4391 318 4446 Cic.
337 4412 363 4465 p.
384 4394 461 4448 Sext.
482 4393 530 4457 ὅθ.
552 4413 580 4466 p.
600 4394 663 4450 clu.
684 4395 712 4448 θ.
900 4405 902 4408 ’
