2782 5022
231 380 315 458 2&
414 437 417 444 ,
597 374 992 436 onnrro¹

233 555 490 648 quantacumque
512 550 547 610 in
567 571 630 624 me,
645 572 824 634 numquam
846 551 1019 628 amicorum
1041 551 1200 631 periculis
1220 551 1316 612 deluit.

234 633 326 708 Quae
349 634 378 693 si
401 655 453 693 sul
472 633 578 694 levior
592 635 738 695 videtur:
761 634 820 694 illa
840 635 1088 716 quidem'certe,
1113 658 1198 718 quae
1214 657 1317 694 ,summa

185 715 225 768 14
235 726 331 789 sunt,
355 739 395 776 ex
417 739 480 800 quo
503 719 593 778 fonte
616 717 773 790 hauriam,
799 719 918 777 sentio.
960 717 1053 791 Nam,
1074 719 1143 792 nisi
1162 723 1318 778 multorum

233 801 431 880 praeceptis,
452 800 628 883 multisque
644 800 750 860 literis
763 800 841 860 mihi
853 801 892 861 ab
905 799 1130 860 adolescentia
1144 803 1317 874 suasissem,

232 881 317 942 nihil
333 905 405 944 esse
418 883 452 942 in
470 884 537 943 vita
551 905 745 964 magnopere
760 885 990 964 expetendum,
1013 885 1078 944 nisi
1088 885 1223 944 laudem
1238 893 1318 966 atque

217 964 458 1038 'honestatem
480 967 515 1026 in
538 989 576 1027 ea
593 976 699 1026 autem
717 968 943 1050 persequenda
957 989 1067 1028 omnes
1084 969 1251 1028 cruciatus
1264 989 1318 1027 cor-

133 1051 138 1064 '
232 1049 344 1129 poris,
385 1050 490 1110 omnia
519 1049 667 1130 pericula
694 1050 806 1111 mortis
834 1059 932 1133 atque
967 1051 1093 1124 exsilii,
1132 1052 1232 1132 parvi
1261 1071 1318 1110 esse

234 1131 403 1192 ducenda:
446 1155 616 1217 numquam
649 1156 699 1202 me
725 1155 784 1213 pro
808 1133 916 1214 vsalute
939 1142 1048 1194 vestra
1070 1137 1106 1194 in
1126 1142 1181 1195 tot
1205 1139 1243 1194 ac
1265 1143 1320 1194 tan·

234 1222 283 1275 tas
315 1215 561 1290 dimicationes,
601 1216 769 1300 atque·in
804 1216 867 1276 hos
897 1218 1136 1299 profligatorum
1173 1218 1321 1278 hominum

235 1298 442 1396 quotidianos
471 1291 617 1380 impetus
643 1299 844 1360 obiecissem.
891 1300 964 1360 ‘Sed
994 1301 1084 1382 pleni
1115 1323 1229 1362 omnes
1262 1309 1322 1360 sunt

143 1385 144 1388 ’
233 1380 332 1454 hbri,
362 1380 479 1462 plenae
503 1383 697 1463 sapientium
719 1405 837 1456 vocae,
870 1385 971 1464 plena
999 1383 1222 1464 exemplorum
1246 1392 1322 1444 vetn-

126 1493 131 1510 ι
185 1473 189 1486 “
235 1473 322 1536 stas3
346 1487 427 1546 quae
445 1467 592 1526 iaeerent
610 1466 804 1525 intenebris
821 1467 938 1539 omnia,
960 1467 1024 1526 nisi
1040 1467 1211 1526 literarum
1229 1467 1323 1526 lumen

236 1547 418 1608 accederet.
470 1549 575 1624 Quam
602 1549 718 1612 multas
750 1549 844 1608 nohis
866 1550 1044 1630 imagines,
1079 1572 1143 1611 non
1167 1551 1273 1636 sqlum
1294 1549 1324 1606 ad

159 1629 162 1634 ’
233 1630 447 1704 intuendum,
487 1653 595 1692 verum
629 1633 725 1692 etiam
759 1633 800 1690 ad
832 1631 1044 1706 imitandum,
1084 1633 1324 1694 fortissimorum
1366 1682 1370 1692 .

234 1713 394 1787 tirorum,
418 1709 608 1796 expressae,
631 1717 808 1797 scriptores
827 1724 865 1776 et
889 1717 996 1798 graeci
1019 1725 1051 1776 et
1073 1715 1170 1776 latini
1193 1717 1322 1796 relique-

140 1863 151 1881 s
234 1799 339 1858 runt?
363 1820 451 1881 *quas
483 1821 542 1877 ego
572 1799 652 1858 mihi
674 1821 800 1880 semper
828 1800 864 1858 im
886 1799 1142 1860 administranda
1164 1799 1323 1882 republica

234 1901 440 1960 proponens,
463 1883 600 1942 animum
623 1890 665 1942 ct·
677 1891 816 1942 mentem
837 1903 937 1942 meam
959 1884 1031 1964 ipsa
1054 1884 1256 1963 cogitatione
1278 1881 1322 1940 ho-

234 1963 354 2045 minum
377 1965 606 2025 excellentium
630 1965 876 2025 conformaham.
1240 1975 1248 1982 ⁴
1284 1964 1286 1968 ’

188 2039 226 2094 ¹5
298 2047 375 2108 Gar.
399 2049 477 2109 VII.
521 2050 666 2124 Quaeret
689 2048 860 2132 quispiam:
902 2045 1006 2133 quid?
1044 2048 1096 2107 illi
1122 2049 1190 2128 ipsi
1224 2044 1323 2108 summi

235 2130 308 2202 viri,
333 2154 467 2214 quornm
488 2133 624 2193 virtutes
643 2133 749 2194 literis
765 2131 915 2212 proditae
934 2140 1020 2204 sunt,
1034 2131 1149 2192 'istane
1169 2131 1321 2198 doctrina,

236 2236 329 2296 quam
357 2222 393 2274 tu
425 2215 576 2288 laudibus
608 2217 733 2288 effers.
765 2216 886 2294 eruditi
917 2217 1072 2276 fuerunt?
1115 2215 1259 2276 Difficile
1281 2217 1321 2270 est

234 2295 296 2357 hoc
320 2297 360 2356 de
384 2297 529 2358 omnihus
554 2299 760 2371 confirmare,
792 2299 850 2358 sed
872 2307 980 2359 tamen
1003 2301 1054 2358 est
1076 2307 1223 2372 certum,
1242 2293 1322 2379 qnid

233 2381 457 2460 responde-am.
502 2381 571 2460 Ego
588 2382 706 2443 multos
725 2382 871 2443 homines
893 2381 1069 2442 excellenti
1087 2381 1193 2442 animo
1212 2403 1249 2440 ac
1270 2378 1322 2437 rir-

234 2469 305 2523 tute
328 2463 449 2537 fuisse,
472 2472 504 2524 et
527 2466 598 2524 sinc
622 2465 788 2539 doctrina,
810 2474 943 2525 naturae
965 2464 1069 2546 ipsius
1093 2465 1210 2524 habitu
1231 2479 1321 2545 prope

1244 2613 1324 2628 ...d

235 2703 294 2786 rius
311 2721 343 2754 cx
359 2704 472 2756 Franoii
484 2685 592 2776 primo,
620 2708 664 2760 cui
687 2708 808 2777 adstipp.
825 2705 910 2757 ⁰21.
935 2706 1026 2758 dedit=
1060 2713 1271 2772 quantocumque
1291 2705 1322 2751 est

234 2790 263 2824 ln
282 2793 329 2824 me.

643 2800 645 2804 ¹
990 2804 998 2827 Ι

287 2845 311 2913 5.
332 2843 378 2896 14.
415 2845 501 2896 lumen
528 2845 672 2897 accederet.
709 2847 788 2896 Parr.
809 2845 836 2897 6.
857 2845 884 2896 7.
901 2844 931 2896 8.
958 2863 980 2896 c.
999 2846 1086 2896 Barla.
1111 2863 1154 2913 pr.
1173 2844 1239 2896 Eri.
1258 2839 1321 2892 Pitl.

235 2915 337 2966 Dresd.
367 2915 440 2966 0251.
469 2918 637 2969 cddfllom.
662 2918 752 2968 Vena.
777 2917 880 2966 hahent
905 2916 1073 2974 accenderet,
1091 2917 1183 2983 ,quod
1211 2911 1322 2966 Graevio

234 2987 410 3054 praeclarum
429 2988 548 3048 videtur,
568 2988 633 3038 milri
651 3006 705 3039 non
723 2990 797 3039 item.
832 2987 908 3055 Quid
926 2989 996 3037 enim
1009 2987 1052 3039 lit.
1069 2987 1160 3036 lumen
1176 2983 1321 3038 accendat?

234 3057 323 3109 libros
346 3059 480 3120 fortasse,
515 3065 561 3123 aut
584 3059 748 3128 sapientium
771 3063 874 3111 voces?
911 3059 1065 3108 Praeterea
1085 3059 1231 3118 meliorum
1252 3053 1320 3106 codd.

235 3128 320 3179 lectio
343 3129 469 3181 firmatur
495 3130 558 3181 loco
583 3131 664 3181 simili
691 3131 764 3199 apud
781 3130 848 3179 val.
866 3129 939 3180 Max.
957 3128 1034 3178 VIII
1054 3123 1113 3186 14}
1130 3128 1164 3180 1:
1204 3125 1321 3196 Superior

195 3259 198 3263 .
234 3197 385 3264 Africanam
402 3200 486 3249 Ennii
506 3209 601 3270 poetae
623 3201 731 3272 effiqiem
747 3203 775 3250 in
793 3201 964 3250 morsumentis
985 3197 1126 3248 Corneliae
1145 3200 1234 3268 pentir
1250 3193 1320 3246 collo·

235 3270 293 3319 cori
308 3270 409 3328 voluit,
429 3271 500 3337 quoti
516 3272 619 3340 inqenio
638 3271 693 3341 ejus
712 3285 857 3340 operosae
875 3271 1014 3319 illustrata
1024 3269 1179 3338 judiearet3
1206 3285 1258 3318 non
1273 3264 1320 3331 qui·

234 3339 293 3388 dem
309 3341 436 3410 tymaeus,
462 3343 588 3408 quamdiu
608 3343 754 3394 Romanum
771 3343 906 3412 imperium
917 3339 1043 3411 floreret,
1072 3347 1099 3388 et
1113 3339 1214 3408 Africa
1231 3337 1320 3387 ltaliae

222 3409 344 3479 ⁸pedibus
367 3419 435 3461 esset
457 3412 593 3481 subjecta,
619 3415 753 3478 totiusque
771 3407 902 3462 terrarum
919 3413 990 3460 orbis
1006 3429 1129 3459 summum
1146 3409 1263 3460 colurum
1277 3419 1318 3456 ars

235 3482 383 3548 capitolina
396 3469 554 3551 possideret,
575 3502 663 3533 eorum
679 3485 814 3550 exstinqui
825 3483 974 3532 anemurium
988 3498 1147 3557 non'poss03
1167 3482 1199 3530 si
1217 3489 1319 3558 tumet

235 3551 438 3603 literarum
456 3571 591 3620 qnoque
610 3555 722 3604 lurnen
740 3554 980 3611 accessisset,
1000 3553 1088 3621 rnoqni
1107 3553 1267 3610 aestimans3
1284 3560 1319 3596 ver

235 3621 395 3681 Homerico,
414 3642 493 3690 qnam
510 3625 572 3674 rudi
592 3632 671 3690 atque
690 3624 809 3692 impolito
825 3623 969 3693 praeconio
988 3622 1102 3693 dignior.
1129 3622 1235 3672 Eadem
1248 3624 1317 3698 meta-

235 3693 323 3762 phora
347 3696 435 3746 utitur
461 3694 521 3745 (lic.
545 3697 573 3745 in
591 3695 889 3764 Aeadd.1159pr.=
926 3692 1027 3742 Latent
1050 3695 1104 3742 ista
1126 3694 1213 3742 onmia
1233 3703 1317 3742 crassas

235 3763 370 3829 occultata
388 3772 414 3814 et
432 3765 592 3833 circumfusa
611 3767 741 3824 tenebris,
767 3773 798 3814 ut
822 3765 899 3815 nullo
919 3767 989 3815 acies
1009 3763 1116 3818 humani
1135 3764 1236 3832 inperii
1250 3763 1316 3810 tarta

234 3836 286 3892 sit,
305 3851 373 3899 quoe
388 3843 530 3902 penetrare
549 3839 577 3888 in
595 3838 711 3895 coelum,
739 3844 837 3886 terram
856 3838 959 3886 intrare
974 3835 1069 3904 possit.
1104 3833 1218 3886 ITuso.
1236 3833 1315 3899 51³¹*

235 3904 413 3973 Philosophia
430 3905 523 3974 jacuit
547 3926 628 3975 usqne
654 3907 690 3958 acl
711 3906 779 3956 hane
798 3913 929 3963 oetatem,
957 3923 1002 3954 nec
1029 3905 1113 3954 ullum
1130 3903 1225 3954 tabuit
1244 3904 1316 3954 lernen

234 3975 374 4027 literarum
388 3975 565 4037 Latinarum,
585 3996 652 4045 quae
670 3978 834 4028 illustrando
853 3984 877 4027 et
897 3974 1043 4028 excitanda
1061 3976 1203 4025 nobis'est.

287 4045 357 4095 VII.
376 4047 399 4114 ᾖ.
419 4046 466 4098 15.
489 4048 607 4110 Quaeret
624 4043 763 4116 quispiane.
783 4048 860 4099 Haec
875 4047 1006 4115 loquendi
1023 4046 1111 4097 forma
1127 4044 1242 4096 inservit
1251 4054 1316 4113 prae·

236 4117 393 4173 munitioni,
413 4135 481 4184 quae
498 4119 643 4194 agnitore
656 4119 773 4178 dicitnr,
794 4137 854 4169 cum
867 4119 912 4176 id,
933 4118 1006 4184 quod
1023 4117 1106 4187 objici
1123 4122 1231 4185 potest,
1250 4125 1314 4164 oeco-

221 4205 339 4257 ‚pamus
369 4187 460 4239 'Verm
480 4190 514 4238 V·
533 4190 589 4241 702
626 4189 745 4252 Quaeret
770 4189 870 4254 aliquis
891 4187 1009 4257 firrtasse
1026 4195 1072 4238 ete.
1109 4187 1217 4242 1125:
1252 4181 1314 4234 meet

174 4287 179 4298 ·
236 4259 355 4324 aliquis:
376 4259 442 4324 quid
456 4277 518 4329 erqo
537 4263 565 4311 ire
580 4260 630 4311 hoe
652 4259 760 4309 Verrem
776 4259 967 4328 reprehendis?
1001 4259 1104 4310 eram
1121 4258 1178 4308 XV
1193 4257 1223 4308 t.

289 4331 347 4381 sine
365 4329 496 4380 doctrina.
534 4330 669 4398 Quaestio
687 4331 756 4381 ista:
782 4336 881 4379 namra
898 4348 934 4379 on
949 4329 1073 4381 doctrina
1086 4330 1174 4398 possit
1192 4327 1257 4399 effici
1271 4335 1311 4372 vrr-

237 4403 302 4452 tns?
335 4400 428 4473 [Tap.
444 4400 483 4456 21
501 4402 589 4470 extra]
608 4401 721 4457 multum
737 4402 811 4473 apud
827 4407 935 4454 veteres
949 4400 1059 4468 agitata
1082 4407 1145 4474 cst.¹
1168 4397 1229 4451 Cic.
1245 4395 1310 4447 Tusc-
