2854 5024
355 339 716 420 prumiensem
734 353 931 417 aninmo.
1141 361 1193 441 ss
1248 445 1251 452 ἢ

88 525 246 592 ἁὶοἰιιιιι.
287 522 435 589 Petimus
458 525 516 588 abs
537 533 585 598 te,
606 524 654 588 Μ.
676 524 794 600 Fanni,
817 549 836 589 a
856 527 1039 614 vobisque,
1054 525 1197 605 iudicer,

87 619 126 673 ut
150 633 249 695 quam
271 611 426 674 acerrime
448 609 608 674 maleficia
627 609 820 686 vindicetis,
841 619 878 674 ut
899 613 1196 698 quarn·t'ortissi·us

88 694 280 776 hominibus
304 694 531 756 audacissimis
555 693 751 770 resistatis,
779 702 817 757 ut
838 693 902 758 hoc
926 696 1101 777 cogitetis,
1130 697 1199 758 nisi

87 779 124 838 in
157 776 223 839 hac
251 799 369 852 cansa,
406 777 462 862 qui
490 783 602 839 vester
629 777 753 838 animus
786 779 851 853 sit,
885 779 1124 854 ostenderitis,
1156 801 1196 842 eo

87 881 304 944 prorumpere
320 860 485 924 hominum
503 861 729 943 cupiditatem
752 869 785 923 et
804 862 926 938 scelus,
948 869 983 923 et
1008 863 1197 936 audaciam,

90 953 210 1006 utnon
221 944 318 1006 modo
334 945 437 1020 clam,
467 966 579 1008 verum
598 945 695 1006 etiam
709 943 764 1006 hic
780 945 924 1020 infore,
958 953 1033 1008 ante
1051 945 1197 1008 tribuual

91 1035 208 1103 tunm,
230 1027 277 1089 Μ.
301 1027 425 1104 Fauni,
448 1036 523 1090 ante
545 1028 648 1110 pedes
671 1036 824 1103 vestros,
846 1029 992 1104 iudices,
1014 1030 1103 1091 iuter
1122 1029 1196 1110 ipss

94 1111 257 1172 subsellia
290 1111 409 1174 caedes
446 1113 575 1174 futurae
608 1113 686 1174 siut.
735 1111 868 1174 Etenim
899 1113 980 1198 quid
1010 1112 1102 1174 uliud
1132 1112 1195 1174 hoo
1207 1111 1247 1168 1³

91 1193 218 1256 iudicio
248 1202 417 1270 tentatur,
448 1195 515 1256 uisi
543 1203 581 1258 ut
610 1196 647 1258 id
674 1195 747 1260 lieri
773 1195 902 1258 liceat?
953 1197 1125 1258 Accusant
1151 1196 1197 1270 ii,
1310 1239 1312 1246 =

97 1277 152 1360 qui
182 1279 220 1338 in
248 1278 397 1339 fortunas
427 1277 523 1340 huius
552 1279 759 1342 invaserunt:
793 1301 922 1342 cansam
945 1280 1100 1354 dicitis,
1123 1278 1198 1354 cui,

92 1369 225 1503 praeter
247 1361 483 1437 calamitatem,
514 1361 599 1423 nihil
619 1363 841 1448 reliquerunt:
872 1371 1029 1428 accusant
1050 1363 1096 1436 ii,
1115 1363 1198 1505 gui·

120 1466 178 1520 ns,
200 1445 312 1506 occidi
331 1453 457 1528 patrem
480 1445 556 1508 Sex.
578 1447 714 1521 ¹Roscii,
734 1447 822 1508 bono
844 1446 929 1507 fuit:
963 1467 1094 1508 causam
1135 1445 1199 1508 'cit
1268 1525 1270 1530 Ι

96 1525 148 1602 is,
171 1530 224 1590 cui
244 1531 318 1591 non'
331 1531 428 1591 modo
444 1529 569 1592 luctum
584 1551 671 1593 mors
691 1530 794 1612 patris
816 1531 949 1604 attulit,
971 1551 1082 1592 verum
1101 1531 1199 1592 etiarn

98 1619 291 1692 egestatem:
323 1621 481 1690 accusant
500 1613 546 1688 ii,
578 1614 635 1700 qui
663 1615 751 1676 hunc
772 1616 880 1698 ipsum
906 1613 1054 1695 iugulare
1077 1633 1198 1674 summe

101 1695 284 1775 cupierunt:
323 1713 454 1760 causam
494 1697 577 1760 dicit
613 1699 665 1775 is,
707 1699 763 1782 qui
800 1697 896 1760 etiam
928 1697 969 1758 ad
999 1696 1062 1757 hoc
1092 1696 1200 1776 ipsum

102 1777 255 1840 iudicium
277 1801 346 1840 cum
369 1781 536 1862 praesidio
558 1783 667 1857 venit,
698 1802 741 1842 ne
764 1781 819 1842 hic
841 1779 962 1842 ibidem
985 1789 1060 1841 ante
1083 1778 1198 1840 oeulos

104 1869 227 1922 vestros
253 1863 455 1926 trucidetur:
478 1864 635 1952 'denique
666 1871 822 1927 accusant
851 1862 897 1936 ii,
941 1885 1022 1946 quos
1055 1862 1198 1946 populos

106 1946 225 2026 poscit:
259 1967 388 2008 causam
422 1948 504 2011 dicit
530 1949 579 2023 is,
622 1949 677 2034 qui
708 1965 790 2004 unus
823 1944 960 2006 relictus
996 1968 1036 2008 ex
1066 1947 1198 2008 illorum
1273 1962 1276 1984 ¹

111 2027 224 2091 nefaria
239 2030 338 2092 caede
353 2037 469 2094 restat.
511 2033 622 2118 Atque
645 2036 680 2089 at
695 2025 827 2090 facilius
842 2027 1030 2110 intelligere
1045 2029 1197 2110 possitis,
1208 2029 1249 2087 td

105 2107 244 2188 indices,
268 2135 329 2188 ea,
353 2136 435 2197 quae
454 2115 649 2201 factasunt,
671 2111 861 2194 indigniora
883 2133 977 2186 esse,
1023 2133 1096 2174 uam
1117 2112 1202 2174 hacc
1243 2131 1256 2154 ⁸

104 2203 191 2270 sunt,
222 2219 306 2279 quae
328 2197 488 2259 dicimus:
525 2195 705 2274 sisinnio,
740 2217 793 2256 res
817 2195 1007 2280 quemadmo
1033 2219 1086 2258 um
1108 2203 1202 2276 gesta

102 2275 162 2351 sit,
200 2279 297 2340 vohis
329 2301 549 2361 exponemus,
593 2302 656 2364 quo
692 2278 824 2340 facilius
865 2287 898 2340 et
929 2278 1025 2340 huius
1058 2278 1200 2340 hominis
1307 2342 1312 2352 ,
1355 2288 1362 2298 “

99 2357 358 2425 innocentissimi
389 2364 564 2437 miserias,
592 2371 625 2423 et
653 2362 785 2424 illorum
808 2362 976 2426 audaciam
999 2381 1201 2446 cognoscere
1227 2361 1231 2369 “
1253 2399 1270 2434 ·,
1312 2391 1315 2396 ·

98 2445 257 2526 possitis,
281 2455 314 2507 et
333 2447 537 2528 reipublicae
561 2445 789 2508 calamitatem.
1100 2466 1104 2474 ’

53 2599 56 2603 ,
157 2529 238 2591 Gne.
268 2529 329 2590 VI.
381 2532 457 2593 Sex.
494 2529 661 2604 Roscius,
700 2527 990 2612 pater0huiusce,
1029 2529 1199 2612 municeps
1210 2535 1252 2609 lii

97 2609 268 2674 Amerinus
296 2612 383 2686 init,
420 2635 492 2674 cum
524 2634 664 2693 genere,
697 2622 730 2674 et
760 2613 958 2688 nobilitate,
997 2621 1031 2675 et
1062 2614 1203 2696 pecnnia

97 2711 160 2758 non
189 2696 289 2758 modo
328 2697 390 2758 sui'
408 2696 601 2778 municipii,
625 2717 756 2782 ,verum
789 2695 887 2760 etiam
913 2697 987 2758 eius
1019 2696 1202 2759 vicinitatis

147 2927 170 2996 ξ.
196 2926 249 2980 12.
281 2942 475 2998 prorumpere.¹
498 2923 607 2978 Eadem
632 2923 759 2997 enallage
784 2931 939 2999 temporum
964 2929 994 2979 in
1020 2943 1062 2998 ep.
1092 2924 1139 2981 16.
1165 2927 1204 2982 ad

97 2995 156 3050 Ast.
170 2998 235 3050 lv:
282 2997 351 3073 Cato
368 3005 458 3049 tomen
476 2998 608 3070 affimant,
627 3015 656 3049 se
672 3001 734 3051 vivo
753 3000 802 3052 illo
820 3018 873 3051 non
886 2997 1059 3068 triumphare.

147 3068 280 3122 subsellia
288 3075 357 3140 ¹suut
370 3070 563 3130 tribunorum,
581 3071 799 3132 triumvirorum,
820 3077 1010 3141 quaestorum,
1032 3075 1060 3121 et
1076 3063 1202 3138 hujusce·

98 3141 168 3192 modi
182 3143 293 3194 minora
306 3141 414 3212 judicia
432 3141 632 3202 exercentium,
645 3143 699 3210 qui
715 3159 770 3193 non
787 3144 816 3194 in
831 3143 908 3194 sellis
926 3139 1087 3201 curulibus,
1109 3137 1164 3193 nec¹
1174 3141 1211 3191 in·

99 3211 300 3274 tribunalibus,
318 3211 370 3264 sed
385 3213 415 3264 in
433 3211 574 3266 subselliis
593 3213 782 3266 considebant.
809 3229 835 3268 v.
854 3230 939 3286 supra
956 3213 980 3282 ξ.
1001 3212 1028 3265 1.
1045 3213 1149 3264 Asson.
1169 3213 1205 3263 ad
1257 3218 1261 3225 “

99 3281 180 3334 Verr.
198 3285 238 3335 l).
258 3282 306 3337 sn.
838 3313 841 3323 ·

56 3351 61 3366 ⁸
145 3355 252 3424 poscit,
271 3371 310 3406 sc.
329 3352 366 3405 ad
382 3369 518 3422 poenam,
538 3351 575 3404 ad
589 3351 764 3423 supplicium.
791 3369 818 3406 v.
834 3371 895 3422 cup.
911 3350 939 3404 5.
954 3349 1102 3422 p..Flaeco
1118 3352 1154 3402 fr.
1169 3349 1204 3402 s.

100 3420 164 3475 inne
191 3431 253 3476 tota
278 3424 352 3476 Asta
376 3425 497 3494 deposcit
523 3424 560 3476 ad
579 3425 747 3494 supplicium.
791 3423 899 3476 Eodem
913 3441 994 3476 sensu
1011 3423 1114 3475 nerbas
1132 3421 1204 3480 duri,
1235 3464 1236 3468 ,

101 3495 172 3566 nati
188 3495 318 3548 absolute
336 3502 486 3568 ponuntur.
521 3499 547 3550 t.
572 3494 643 3548 sall.
661 3493 734 3548 Cat..
755 3493 804 3547 til.
841 3495 915 3546 Plin.
932 3495 974 3554 X.
989 3493 1048 3547 9⁷2
1082 3511 1204 3564 persece-
1306 3509 1309 3521 ·

101 3572 188 3616 rantes
206 3564 381 3618 Christianos
398 3565 460 3617 duci
469 3565 553 3636 jtsssi.
927 3623 935 3638 Ι
1000 3587 1002 3592 ’
1117 3588 1120 3595 ·
1183 3616 1188 3634 χ
1260 3571 1264 3586 “

148 3636 202 3689 vl.
247 3638 270 3706 ξ.
300 3637 349 3690 15.
392 3637 560 3707 Municipes,
600 3638 673 3688 teste
708 3629 804 3687 Gellio
834 3631 918 3687 XVI.
945 3633 1004 3696 15,
1039 3639 1103 3684 sunt
1132 3629 1203 3684 cives

102 3709 203 3759 romani
217 3727 253 3758 ex
270 3709 439 3779 municipiis,
459 3708 563 3780 legibus
578 3708 635 3758 suis
651 3713 678 3756 et
693 3723 741 3756 suo
752 3706 950 3777 jur-eatenus,
968 3705 1083 3756 moneris
1102 3709 1205 3755 tanturn
1277 3716 1279 3720 '

103 3791 157 3828 cum
178 3779 280 3848 populo
302 3795 412 3830 rossano
439 3779 582 3832 honorarii
599 3777 765 3848 participes,
793 3795 811 3828 a
838 3779 889 3846 qao
915 3773 1204 3846 munere=cnpessendo

104 3849 233 3917 appellati
255 3850 396 3909 videntur,
423 3850 507 3900 nullis
530 3849 595 3900 aliis
622 3849 839 3907 necessitatibus,
866 3863 950 3915 neque
967 3845 1026 3897 ulla
1044 3846 1076 3896 P.
1093 3847 1128 3897 n.
1146 3847 1205 3918 leqc
1312 3874 1315 3885 ·

105 3917 245 3980 adstricti,
272 3913 326 3973 nisi
349 3921 465 3990 popalus
480 3937 569 3972 eoram
581 3917 682 3988 fiendas
695 3916 785 3988 factrus
803 3925 851 3980 est.
887 3919 925 3987 [i.
944 3936 967 3968 e.
984 3918 1056 3977 nisi,
1076 3931 1137 3969 cunr
1149 3919 1207 3989 jus·

103 3989 183 4042 sisset
199 3991 233 4043 P.
250 3991 286 4044 n.
305 3992 429 4061 aliquid,
455 3992 487 4043 id
503 3991 654 4059 municipes
672 3991 857 4043 adsciverunt.
876 4008 904 4059 p.
921 3986 1014 4039 Balbo
1031 3987 1081 4059 8.]
1116 3988 1212 4050 Erana
1297 4031 1299 4035 ⁴

106 4067 193 4114 autern
207 4063 357 4132 municipia
373 4063 420 4115 vel
437 4078 498 4114 cum
513 4062 665 4130 suffragio,
683 4062 729 4114 vel
745 4063 802 4114 siue
819 4061 950 4128 suffragiis
956 4061 1030 4130 jure.
1204 4077 1207 4084 ·
1223 4109 1224 4114 ,
1275 4069 1278 4072 “

156 4133 268 4184 Ameria
280 4133 457 4202 municipium
472 4133 605 4184 Umbriae
620 4133 657 4184 ad
672 4134 753 4194 visto,
774 4149 843 4200 quae
859 4132 979 4182 Perusia
996 4131 1110 4182 Romam
1126 4127 1196 4179 duce

107 4198 169 4260 nat,
203 4203 286 4255 hodic
312 4204 430 4255 Amelia.
467 4201 541 4255 Plin.
564 4203 601 4256 Η.
620 4203 655 4254 N.
668 4203 727 4255 111.
756 4203 810 4255 ld:
841 4203 985 4264 *Amatam
1001 4229 1033 4242 -
1060 4197 1127 4250 Cato
1145 4204 1213 4250 ante
1284 4202 1287 4207 '

109 4270 199 4324 Persei
225 4275 322 4325 bellum
348 4275 483 4326 conditam
502 4277 580 4326 annis
595 4271 846 4325 Dccccfflffl
854 4273 986 4346 prodidit.
1028 4271 1108 4338 Ager
1125 4270 1207 4321 Ame-
1249 4307 1250 4312 ,

110 4342 182 4394 rinus
207 4344 269 4414 lege
290 4346 467 4400 imneratoris
490 4346 613 4417 Augusti
631 4353 674 4400 cst
694 4347 850 4414 assignatus
867 4343 1014 4401 veteranis.
1050 4341 1156 4396 Fronto
1173 4341 1207 4393 de

112 4409 172 4468 col.
186 4431 214 4486 p.
228 4415 297 4473 557.
328 4405 339 4418 ”
424 4481 429 4490 .
