2766 5026
140 331 142 336 '
291 357 835 433 rnor.aunronrnonu.
930 439 935 461 ι
1007 345 1116 438 ’297
1174 411 1176 418 ,
1258 341 1260 348 ’

44 529 223 603 sollicitum,
243 528 344 610 magis
363 527 542 590 exercitum
557 527 633 590 “dici
649 529 797 609 ant'tinpi
815 525 953 610 potest?
984 527 1117 612 quispe
1185 543 1187 550 ·

42 613 290 696 amplissimorum
305 614 519 693 praemiorum
540 612 582 671 ad
597 613 830 693 rempublicam
847 610 1000 684 adducti,
1030 619 1119 670 metu
1195 638 1198 646 ¹

42 696 318 758 crudelissimorum
339 692 572 777 suppliciorum
592 716 701 756 carere
718 701 784 758 n'on
797 695 993 774 possumus?
1015 693 1117 776 Equi·

42 782 101 840 dem
119 788 243 842 ceteras
260 786 472 860 tempestates
490 784 522 838 et
537 777 713 858 procellas,
735 776 850 838 inillis
868 774 1025 838 duntaxat
1039 777 1118 835 duc·

40 863 114 923 tibus
133 862 343 934 concionum,
375 882 502 941 semper
529 861 640 941 putavi
665 859 784 920 Miloni
808 882 880 921 esse
911 859 1118 931 subeundas,

41 945 113 1028 quod
133 965 257 1026 semper
274 965 334 1024 pro
354 943 449 1004 lionis
466 951 579 1042 cpntra
593 943 760 1024 ,improbos
781 953 948 1004 senserats
981 943 1016 1002 in
1033 941 1119 1000 iudi·
1159 941 1162 946 ’

41 1029 80 1088 cio
101 1049 193 1100 vero,
224 1034 258 1087 et
281 1027 316 1086 in
340 1047 378 1086 eo
406 1026 567 1100 consilio,
598 1025 715 1109 inquo
737 1049 778 1087 ex
801 1027 927 1088 eunctis
947 1025 1117 1087 ordinibus

40 1109 211 1190 amplissimi
228 1109 293 1170 viri
307 1109 505 1181 iudicarent,
527 1131 697 1191 numquam
713 1110 895 1172 existimari
914 1129 1003 1190 spem
1018 1107 1118 1168 ullam

40 1215 98 1253 esso
116 1193 282 1253 habituros
300 1190 436 1254 Milonis
453 1193 616 1266 inimicos,
632 1193 681 1252 ad
697 1191 766 1254 eius
782 1215 849 1254 non
864 1193 1001 1254 salutem
1020 1189 1117 1251 modo
1140 1229 1146 1244 ·

41 1276 308 1356 exstinguendam,
340 1275 400 1336 scd
425 1276 522 1337 etiam
542 1275 679 1356 'gloriam
705 1297 765 1356 per
783 1277 866 1338 tales
885 1277 972 1338 viros
1002 1273 1119 1334 infrin-
1212 1320 1215 1337 .

39 1359 164 1439 gendum.
207 1358 408 1444 Quamquam
429 1358 537 1419 iubae
554 1357 663 1432 causa,
685 1359 825 1434 iudices,
847 1359 887 1420 Τ.
899 1357 1001 1418 Annii
1014 1355 1119 1418 tribu·
1146 1359 1168 1416 c

38 1497 63 1548 de
82 1499 149 1549 uobis
172 1498 309 1566 scriptum
333 1505 393 1558 est,
421 1498 572 1560 excidisse,
604 1502 654 1552 sed
672 1501 886 1574 praecedentem
905 1515 1002 1553 vocem
1023 1497 1118 1556 uobis,
1170 1545 1172 1568 ,

39 1587 93 1636 quae
109 1571 186 1620 ffiam
203 1571 234 1620 in
250 1569 320 1622 Bar.
339 1586 392 1636 sec.
412 1570 556 1620 omittitur.
694 1585 700 1590 ·
1036 1612 1041 1622 .

78 1641 221 1691 exereitum.
260 1658 288 1709 p.
304 1640 419 1690 Plancio
437 1639 491 1690 522
524 1639 584 1702 Quo
602 1637 706 1705 quidem
721 1643 802 1692 etiam
819 1641 904 1713 mapis
918 1657 989 1697 sssru,
1009 1655 1062 1689 non
1077 1637 1118 1688 dt·
1179 1650 1183 1660 ·

40 1727 83 1760 sam
94 1711 183 1769 miser,
201 1710 251 1762 scal
266 1709 493 1764 eerteaexaretms.
529 1711 565 1760 ad
577 1712 639 1761 Ate
656 1711 673 1760 I
692 1711 745 1764 tta
767 1711 866 1770 ¹Scito,
885 1710 956 1760 sitit
973 1717 1027 1758 tum
1043 1725 1119 1759 exer·

42 1782 101 1830 cium
120 1799 174 1830 esse
200 1799 271 1832 nunc
293 1780 407 1838 Rosciae,
435 1799 513 1847 quum
534 1780 693 1832 candidatos
719 1784 837 1833 omnibus
860 1781 1058 1847 iniquitatibus.
1083 1805 1117 1820 ·-

42 1851 102 1918 llirg.
116 1852 186 1902 Aen.
201 1851 255 1902 ΙΙΙ
275 1851 348 1903 182:
385 1851 456 1901 Nate
481 1847 578 1902 Iliacis
600 1854 715 1902 exercite
731 1852 807 1921 fatis.
850 1853 928 1918 adq.
947 1851 967 1900 l.
986 1849 1118 1901 Serviuss

46 1919 161 1992 Futipate,
193 1924 351 1974 exercitate.
395 1921 430 1972 In
450 1921 560 1974 Erfurt.
589 1921 674 1984 Tuus.
698 1941 733 1974 m.
761 1940 817 1974 sec.
840 1923 883 1975 ed.
909 1923 988 1973 Rom.
1013 1921 1119 1988 legitur

47 1995 202 2044 exercitatum.
1099 2039 1100 2046 ,

82 2063 269 2131 suppliciorum.
307 2059 494 2134 (lantoniae,
520 2067 671 2131 praeeunte
682 2061 866 2122 Haunianae,
881 2079 929 2115 ,ex
950 2060 1013 2111 edd.
1037 2057 1118 2115 Rom,

46 2148 82 2182 sec.
95 2133 160 2184 Ven.
176 2134 248 2189 Ald.
265 2132 355 2200 Naug.
373 2133 488 2200 aliisque
504 2141 569 2186 'ante
586 2133 681 2183 Lamb.
699 2134 841 2186 revocavit
858 2134 1017 2190 exitiorum,
1045 2129 1120 2198 quod

12 2239 14 2245 .
42 2203 222 2270 suppliciorum,
250 2221 375 2254 sermone
392 2205 489 2254 tritum
508 2205 686 2272 remigare,
714 2204 748 2255 ab
767 2204 922 2272 interprete
940 2203 976 2254 sit
985 2223 995 2262 ;,
1021 2206 1119 2252 contra

42 2275 179 2340 exquisitius
201 2281 230 2327 et
244 2275 347 2326 *rarius
370 2275 520 2325 exitiorum.
563 2275 667 2325 Malum
687 2291 754 2342 vero
777 2292 871 2325 rerum
888 2292 919 2326 ac
937 2287 1118 2342 personarum

42 2346 126 2404 exitum
146 2344 302 2414 significari
323 2345 375 2395 bac
397 2363 482 2405 voce,
512 2346 610 2397 deiude
625 2347 749 2396 damnum
768 2346 900 2413 quodvis,
928 2343 1117 2402 intortunium,
1195 2405 1197 2412 Ι
1279 2383 1290 2392 .

38 2416 185 2480 perniciem,
206 2432 372 2468 aerumnam.
409 2417 460 2466 Sic
475 2416 541 2466 Ter.
557 2417 647 2467 Andr.
664 2416 709 2466 Iv
726 2415 754 2474 l,
772 2413 827 2466 ἅδε
850 2416 892 2466 At
903 2416 953 2466 tibi
967 2413 1118 2483 sii-slipuum

37 2483 103 2549 factis
117 2489 228 2537 exitium
244 2485 331 2542 duint.
368 2484 634 2546 Phorm.14‚25=
675 2485 754 2548 Quod
777 2503 825 2556 epo
850 2487 911 2536 lule
938 2503 1007 2535 nuuc
1029 2485 1117 2534 subito

36 2556 103 2604 exitio
117 2558 261 2608 remedium
276 2557 413 2619 iuventam,
427 2559 525 2606 usiser?
562 2556 634 2608 Phil.
652 2556 717 2606 vll.
730 2557 757 2607 li.
772 2560 809 2607 ad
824 2557 878 2624 Qu.
894 2556 941 2607 Fr.
957 2555 1015 2607 14.
1036 2553 1118 2604 Orat.

34 2623 73 2675 46.
102 2627 181 2697 Virg.
216 2629 291 2678 Aen.
312 2626 374 2676 VII
403 2626 479 2678 128:
522 2627 599 2678 Haec
629 2643 676 2677 nos
710 2644 832 2697 suprema
870 2628 1012 2677 manebant
1048 2625 1118 2675 Ext-

34 2697 71 2744 tiis
89 2700 209 2766 positura
232 2697 344 2748 modum.
380 2714 406 2749 v.
432 2715 601 2767 supralcap.
624 2698 651 2749 ll.
672 2715 715 2767 pr.
751 2696 934 2769 Garatonium
950 2696 1038 2749 secuti
1056 2701 1119 2748 sunl

34 2769 200 2819 recentissimi
215 2769 358 2826 editores,
385 2769 506 2836 quamvis
524 2768 583 2837 ipse
598 2770 750 2828 monuerit,
780 2786 877 2838 purum
895 2787 953 2820 esse
971 2768 1033 2818 huic
1051 2766 1118 2824 lect.

35 2853 47 2884 a
68 2840 202 2890 codicibus
228 2839 416 2893 auctoritatis.
448 2838 488 2889 Et
511 2857 575 2891 sane
598 2845 633 2896 τὸ
652 2840 794 2890 exitiorum
816 2846 921 2892 tantum
939 2840 967 2888 in
982 2836 1076 2904 Μεθ’.
1091 2835 1117 2886 l.

35 2903 55 2954 5.
74 2907 115 2960 lb.
137 2928 207 2961 suan.
233 2927 289 2962 sec.
313 2911 340 2960 iu
359 2911 483 2978 margine
500 2909 564 2963 Par.
582 2909 610 2961 9.
626 2910 751 2962 Venetae
772 2909 852 2961 1499
876 2909 1006 2977 utqucin
1023 2921 1118 2958 recen·

11 2979 15 3008 l
33 2976 123 3029 tissimo
140 2982 236 3032 codice
256 2978 413 3046 dllegitur,
433 2981 462 3031 in
481 2982 556 3049 cujus
573 2983 696 3048 margine
713 2999 793 3032 manu
808 2980 931 3032 Victorii
949 2978 1119 3046 adscriptum
1203 2997 1205 3006 .

34 3054 67 3098 est
79 3050 283 3118 suppliciorum,
317 3051 392 3118 quod
416 3052 444 3101 in
467 3069 537 3102 omn.
558 3069 655 3102 novem
677 3051 756 3102 Parr.
783 3052 852 3102 Bas.
870 3036 1003 3117 Arcbiep.
1029 3048 1118 3116 [Bas.

32 3133 77 3168 sec.
94 3137 151 3171 oum
165 3121 255 3189 Lqu.
271 3121 290 3172 7
307 3127 335 3172 et
351 3120 392 3171 24
410 3123 512 3174 omittit
525 3122 551 3173 h.
568 3123 614 3190 m]
633 3123 695 3172 Eri.
712 3121 797 3171 Febr.
814 3121 949 3172 Barberr.
970 3121 1038 3171 Gar.
1058 3137 1118 3187 sep·

32 3190 162 3242 temdecim
178 3192 269 3260 Lagg.
286 3191 376 3241 Veun.
397 3191 486 3243 1479.
506 3190 594 3243 1480.
614 3191 693 3252 1499
708 3199 776 3242 text.
795 3192 823 3242 in
847 3192 928 3242 libris
946 3196 1013 3242 vett.
1035 3189 1118 3239 ¹Lam·
1154 3184 1160 3194 ‘

32 3256 93 3319 lini,
112 3260 144 3312 C.
161 3262 260 3330 Stepb.
278 3261 395 3312 Graevii
410 3270 438 3314 et
452 3263 544 3312 Fulvii
559 3261 654 3311 Ursini
670 3269 812 3322 servatur,
832 3265 879 3331 qui
894 3263 925 3313 id
938 3263 992 3314 sihi
1004 3259 1118 3330 placere

33 3331 146 3391 adnotat,
166 3334 243 3400 quod
257 3332 393 3400 supplicia
409 3352 425 3382 a
437 3334 482 3402 jus
499 3333 653 3383 dicentibus
669 3333 832 3382 inferantur.

75 3400 211 3468 Equidem.
249 3403 344 3470 Qadut.
359 3402 485 3466 vnto,
504 3401 561 3453 482
598 3401 690 3452 Habet
712 3421 786 3452 susum
800 3402 1048 3472 talis-ulleporiae
1063 3399 1118 3468 fre·
1205 3443 1207 3452 ,

33 3479 130 3532 quanter
141 3475 239 3530 oratio,
258 3473 304 3524 scal
317 3490 380 3522 raro
394 3475 492 3523 tctiuss
511 3472 666 3542 plerumque
680 3475 780 3540 apertis
791 3473 927 3542 permixta
941 3481 996 3524 est:
1014 3470 1117 3538 Equi-

33 3537 251 3594 demeeteras
277 3571 309 3581 -
337 3561 411 3593 esse
436 3542 647 3592 subeundas.
684 3543 747 3594 Nisi
771 3543 1118 3616 udJ‘ecissetsluutaxat
1146 3567 1149 3576 =
1250 3577 1253 3582 -
1278 3541 1282 3548 “

32 3606 202 3673 fluctibus
221 3615 447 3672 concionum,
472 3621 542 3663 esset
559 3613 708 3684 alleporius
736 3631 803 3664 uuus
824 3633 880 3664 eam
896 3613 1008 3664 miscuit.
1045 3611 1117 3662 Lau·

35 3679 75 3731 dat
88 3699 113 3731 n.
127 3683 147 3733 l.
164 3685 245 3735 etiam
263 3683 377 3736 Servius
393 3685 428 3733 ud
444 3684 525 3751 Virg.
545 3685 617 3734 Aen.
632 3684 649 3733 I
665 3683 726 3736 580
740 3692 768 3736 et
783 3685 842 3736 lliss
859 3701 977 3752 compar.
987 3683 1069 3734 Hom.
1079 3682 1115 3733 Il.
1165 3743 1174 3750 ,

33 3747 61 3798 ll
80 3751 141 3804 tlt.
177 3772 202 3805 v.
224 3753 284 3804 Cic.
309 3772 337 3822 p.
356 3755 428 3804 Mur.
451 3754 497 3806 17.
523 3755 551 3804 in
570 3755 661 3804 Pison.
682 3754 710 3805 9.
739 3785 771 3795 -
808 3756 911 3807 Omnes
929 3754 1116 3805 Pareamus.

34 3817 111 3888 lagg.
131 3823 203 3876 de.
222 3824 323 3874 Taurr.
345 3826 406 3874 edd.
425 3825 505 3875 Rom.
524 3825 614 3875 Vena.
633 3825 672 3874 Es
690 3825 794 3891 quidem
810 3845 878 3896 prae
898 3827 1049 3878 scierunt.

79 3891 278 3963 iufriupemlam.
316 3893 411 3961 Quint.
431 3894 531 3955 1x5,
558 3895 615 3946 77.
656 3895 804 3947 Secundum
831 3897 1022 3965 [similium
1039 3893 1116 3962 est],

34 3967 59 4008 ut
77 3962 195 4015 clausula
220 3965 346 4015 similiter
371 3963 469 4024 cadat,
494 3966 538 4016 uel
563 3965 656 4018 iisrlem
680 3968 708 4016 iu
729 3967 848 4017 ultimam
866 3974 972 4036 partem
990 3965 1117 4022 collatis,

36 4032 263 4157 ἓμοᾶοτέλᾶυτονί
282 4034 517 4120 similem'sluarum
531 4038 720 4122 sententiarum
735 4032 912 4122 uel'uplurium
926 4037 1022 4108 fiueru:
1042 4036 1072 4085 N
1077 4053 1118 4084 ou

36 4117 159 4306 pipi}
178 4113 547 4314 q‘ipqif‘stl‘oil'ii‘dlf
557 4125 650 4247 illu.
675 4106 1116 4248 1ttlsstt‘l‘ltlzfsfttt

54 4278 59 4290 .
103 4261 163 4295 eo.
199 4283 204 4296 .
283 4265 315 4296 ex
331 4257 374 4296 r.'

81 4311 102 4378 ᾖ.
114 4261 147 4365 16.
186 4316 359 4382 Quamquam.
375 4331 420 4367 Α.
444 4323 501 4368 not.
526 4317 562 4366 ad
579 4316 596 4367 I
613 4315 678 4366 cae.
704 4317 726 4384 5.
747 4315 797 4372 22.
831 4318 914 4369 Adde
932 4317 1005 4369 Phil.
1024 4316 1040 4365 I
1061 4313 1117 4366 tls

41 4375 234 4450 Quemquamne
252 4387 357 4453 paridem
374 4385 404 4436 iel
421 4385 554 4455 [acueram
572 4404 624 4436 nou
641 4387 769 4440 arbitror.
788 4403 816 4458 p.
829 4387 946 4441 Plancio
964 4389 997 4440 le
1017 4385 1116 4449 Quaa-

39 4465 106 4512 quuu
118 4455 183 4508 mili
199 4475 252 4514 non
268 4475 341 4510 sumo
360 4463 479 4517 tantam,
497 4474 580 4524 acque
597 4473 705 4528 arrcpc.
