2782 5022
183 371 186 382 .
263 269 268 272 ’
332 281 838 384 rnoancnrarorre.
894 309 897 316 ‘
1052 331 1132 414 271

101 490 177 556 Ger.
198 491 298 555 vm.
341 493 424 571 Quis
454 502 601 558 nostrum
627 503 693 558 tam
718 495 825 557 animo
850 499 973 578 agresti
993 519 1031 562 ac
1054 501 1135 563 duro
1189 518 1208 544 =.

46 578 120 651 fuit,
141 585 177 638 nt
198 576 314 638 Roscii
335 583 438 638 morte
461 601 566 661 nuper
586 600 652 641 non
675 583 955 644 commoveretur?
986 585 1041 668 qui
1064 607 1136 647 enm

46 669 125 722 esset
146 683 247 721 senex
269 668 435 735 mortuus,
469 670 597 736 tamen,
628 671 765 744 propter
795 665 1011 730 excellentem
1034 677 1155 748 artem,

46 768 77 804 ac
90 751 302 816 venustatem,
325 745 498 806 videbatur
515 746 645 806 omnino
663 747 745 807 mori
761 768 827 808 non
851 748 1013 825 debuisse.
1047 752 1134 832 Ergo

44 829 93 888 ille
115 827 263 908 corporis
283 836 373 888 motu
395 836 519 888 tantum
543 851 680 890 amorem
703 830 980 894 sibi'conciliarat
1003 857 1021 894 a
1038 837 1134 896 nohis

45 911 196 971 omnibus:
220 932 281 971 nos
305 911 480 972 animorum
501 912 716 974 incredibiles
738 922 843 976 motus
868 915 1137 1001 celeritatemque.

43 995 234 1074 ingeniorum
257 993 484 1074 negligemus?
527 997 667 1072 Quoties
691 1019 751 1077 ego
774 998 861 1059 huuc
877 1000 1030 1061 Archiam
1053 1002 1133 1076 vidi,
1145 1011 1183 1066 18

43 1077 179 1150 iudices,
211 1077 313 1162 (utar
336 1079 420 1138 enim
442 1086 552 1140 vestra
572 1081 799 1160 benignitate,
840 1079 991 1166 qnoniam
1010 1106 1069 1160 ,me
1098 1085 1134 1146 in

44 1161 95 1221 boe
115 1177 197 1222 novo
221 1177 342 1241 genere
366 1161 500 1228 dicendi
521 1171 585 1224 tam
608 1159 786 1243 diligenter
808 1165 1023 1252 attenditis‚)
1054 1191 1134 1251 quo-

44 1246 95 1304 ties
117 1267 175 1324 ego
197 1243 287 1304 hunc
302 1245 393 1318 vidi,
429 1267 500 1307 cum
518 1246 646 1307 literam
666 1248 856 1328 scripsisset
873 1250 1014 1325 nullam,
1046 1274 1132 1333 mag,-

45 1350 104 1388 num
131 1328 299 1388 numerium
332 1327 541 1408 optimorum
557 1351 707 1391 versuum
730 1332 771 1390 de
800 1332 842 1392 iis
865 1332 946 1414 ipsis
970 1335 1068 1395 rebus
1082 1334 1132 1418 ²),

45 1433 111 1493 quae
133 1420 199 1472 tum
223 1421 418 1491 egerentur,
448 1413 558 1474 dicere
582 1433 622 1474 ex
642 1416 816 1496 tempore?
847 1417 977 1502 quoties
999 1440 1133 1480 revoca·
1196 1413 1207 1464 s

45 1503 97 1554 tum
117 1496 252 1556 candem
276 1517 342 1555 rem
365 1495 497 1569 dicere,
521 1497 724 1559 commutetis
747 1499 856 1560 verbis
880 1507 977 1584 atque
1001 1510 1132 1562 sentcn-

45 1579 113 1637 tiisl
151 1579 248 1656 Quae
271 1599 348 1639 vero
370 1586 523 1640 accurate
548 1581 755 1665 cogitateque
780 1583 989 1664 scripsisset:
1024 1607 1061 1646 ea
1084 1586 1131 1647 sic

1032 1700 1130 1715 —2-2-

87 1735 111 1801 l)
127 1737 160 1787 de
177 1736 221 1788 his
239 1737 319 1806 ipsis.

53 1896 108 1944 stari.
123 1915 149 1964 p.
168 1895 253 1949 Goel.
273 1896 327 1949 122
354 1895 501 1947 Multos-
514 1895 617 1956 audioi,
635 1895 782 1946 non'modo
801 1897 847 1962 qni
865 1897 1025 1966 prirnoribus
1045 1899 1131 1952 labris

54 1971 175 2084 pqtcrsent
192 1985 279 2040 persnas
298 1967 347 2018 lece
365 1967 448 2026 uitae,
468 1973 495 2018 et
512 1967 647 2038 extremis,
666 1974 697 2018 nt
714 1966 823 2042 dieitur,
842 1967 937 2039 digitis
965 1971 1131 2041 attigissent,

56 2051 75 2082 se
126 2040 135 2087 i
154 2045 203 2090 etc.

89 2053 162 2159 iill.
200 2117 258 2160 tane
276 2108 363 2157 animo
383 2108 485 2178 agresti
503 2114 553 2158 etc.
590 2108 625 2158 In
642 2108 770 2177 palimps.
787 2106 887 2158 Ambr.
907 2107 1027 2176 legiturr
1062 2110 1131 2178 Quis

52 2175 114 2225 anino
131 2186 185 2230 tam
204 2179 310 2251 agresti
329 2185 355 2228 ct
372 2177 439 2228 duro
457 2177 521 2247 fuit.
548 2177 702 2248 Vulgatum
716 2186 807 2230 tomen
824 2180 949 2229 ordinem
964 2182 1039 2232 tueri
1055 2182 1131 2234 vide·

51 2248 158 2300 turlocus
176 2253 206 2301 in
216 2269 260 2302 or.
271 2267 297 2318 p.
310 2247 410 2299 Coelio
421 2243 454 2300 i:
473 2249 625 2319 Numquam
642 2252 709 2316 enim
727 2256 781 2300 tam
793 2246 900 2300 Coelius
915 2268 1003 2300 amens
1017 2251 1081 2320 finit,
1101 2258 1131 2304 ut
1183 2285 1186 2291 ·

49 2321 84 2364 ete.
113 2318 220 2372 Ibidem
243 2321 298 2372 ld:
335 2319 483 2372 Remcoebo
498 2321 587 2371 illurn
610 2339 699 2388 senern
720 2319 815 2370 durum
838 2323 973 2390 acpaene
990 2321 1129 2395 agrestem.

49 2382 125 2450 Quint.
141 2392 159 2441 I·
178 2391 235 2452 10,
257 2391 294 2442 9:
333 2388 455 2458 Orpbeus
474 2399 501 2441 et
516 2390 618 2451 Linus,
641 2409 753 2458 qnorum
776 2399 915 2458 utrumqne
930 2392 985 2442 diis
1004 2397 1130 2466 genitum,
1160 2443 1166 2448 .

49 2455 140 2509 aiterum
154 2481 237 2523 cero,
265 2460 433 2528 qnod'rndcs
456 2479 560 2533 quoque
580 2469 660 2529 atque
682 2470 801 2533 agrestes
824 2465 926 2514 animos
953 2463 1132 2519 admiratione
1160 2473 1164 2493 ³

46 2527 158 2590 mulceret,
175 2552 230 2585 non
247 2532 322 2602 fieres
339 2531 424 2593 niodo,
443 2531 491 2583 sed
504 2551 576 2583 saxn
591 2534 671 2596 etiam
685 2534 822 2602 siluasque
837 2533 948 2586 dnnime
957 2539 1130 2606 posteritatis
1229 2570 1231 2574 ι

47 2602 163 2652 ncnnoriae
185 2603 318 2655 traditum
342 2609 390 2653 est.
427 2602 529 2655 Horat.
544 2604 562 2654 I
580 2601 634 2673 Ep.
652 2603 709 2665 18,
729 2603 763 2656 6:
798 2603 944 2675 Asperitas
967 2610 1083 2679 agrestis
1104 2613 1132 2658 et

47 2670 181 2724 inconcinna
197 2676 354 2746 granisque.
742 2735 745 2740 Ι
890 2695 897 2714 ·
1060 2741 1062 2747 Ι

84 2739 177 2794 Roscii.
205 2745 242 2814 Q.
257 2745 389 2797 Roscium
403 2741 516 2794 Gallum
534 2743 602 2796 dicit
614 2744 672 2795 illis
688 2745 860 2814 temporibus
876 2747 1015 2798 illustrem
1032 2747 1138 2800 comici'
1233 2757 1241 2766 '

47 2812 120 2874 operis
141 2823 299 2876 auctorem,
335 2831 415 2883 quem
439 2815 651 2867 familiarissime
672 2814 781 2868 Cicero
806 2818 930 2878 ditexit.
956 2819 1072 2885 quinon
1088 2820 1136 2888 ita¹
1219 2829 1222 2834 '

46 2880 134 2942 pridem
151 2887 209 2938 vita
231 2892 397 2939 excesserat.
419 2885 533 2936 ‘Amba
556 2880 661 2938 comm.
677 2905 715 2941 ‘u
743 2885 804 2939 cic.
829 2906 857 2956 p.
882 2888 919 2956 Q.
941 2887 1064 2948 Roscio,
1102 2895 1131 2940 et

45 2945 149 3006 llncrob.
167 2957 228 3010 Sat.
247 2958 280 3009 II
298 2957 346 3016 10,
366 2956 413 3025 qui
429 2957 504 3008 inter
520 2957 575 3008 alia
589 2965 695 3018 narrat,
715 2965 819 3010 tantam
836 2960 920 3010 fuisse
937 2960 995 3028 ejus
1011 2959 1130 3028 gratiam

47 3023 67 3068 et
80 3023 203 3089 gloriam,
233 3034 266 3079 ut
285 3028 440 3078 mercedem
467 3028 592 3081 diurnam
618 3030 653 3082 de
674 3023 789 3107 publico
812 3028 890 3082 mille
913 3031 1042 3082 denarios
1068 3031 1128 3082 sinc

46 3095 185 3159 everelinus
202 3101 277 3151 solus
294 3099 444 3166 acceperit.
974 3145 975 3148 ,

86 3167 223 3221 animorum
244 3199 276 3208 -
296 3177 389 3220 innotans.
428 3167 573 3220 0ff.16=
604 3167 697 3219 Omnis
718 3177 805 3220 autem
823 3171 972 3241 capitatio,
991 3176 1129 3236 motusque

47 3232 111 3283 coint
135 3248 181 3289 aut
204 3243 233 3292 in
259 3241 379 3291 consiliis
405 3239 540 3308 capiendis
565 3239 598 3290 de
623 3241 701 3290 rebus
728 3240 899 3302 bonestis,··
917 3247 967 3292 ant
984 3240 1013 3290 in
1029 3241 1128 3292 scidiis

46 3302 152 3358 scientiae
170 3313 382 3382 cognitionisque
402 3318 536 3361 uersatur.
574 3310 655 3362 Oret.
670 3309 744 3362 125
761 3330 819 3381 pr.:
845 3311 940 3362 Animi
957 3317 1037 3378 atque
1055 3313 1127 3382 inpe-

47 3370 76 3419 tii
88 3377 177 3436 celeres
193 3382 303 3449 quidam
317 3389 402 3432 motas
416 3377 472 3431 esse
490 3381 591 3434 debent.

86 3443 106 3510 i·
125 3448 169 3501 18.
209 3455 329 3516 Quoties.
366 3451 462 3519 Quint.
482 3452 511 3501 X
530 3450 567 3512 ⁷,
589 3449 642 3503 192
670 3450 750 3501 Hane
768 3449 926 3520 filieitatem
945 3449 1127 3520 [facilitatem

47 3519 247 3592 extemporalem]
266 3542 319 3574 non
333 3541 417 3593 prosa
436 3521 512 3572 ruodo
532 3521 608 3572 malti
626 3527 689 3571 sunt
707 3524 856 3581 conuocati,
889 3521 937 3571 sed
961 3523 1041 3571 ctiam
1064 3538 1125 3571 cnr-

47 3580 115 3642 ¹¹²lt²⁰‚
139 3599 168 3642 nt
183 3595 330 3664 Antipater
348 3593 495 3652 Sidonius,
525 3601 551 3642 et
571 3592 693 3642 Licinius
709 3593 848 3654 Arabias3
877 3591 1034 3642 eredendum
1058 3591 1127 3641 enim

49 3644 152 3710 Ciceroni
170 3673 216 3716 cst.
253 3667 288 3716 In
304 3666 398 3716 verbis
413 3681 488 3732 seqq.
507 3665 572 3715 dedi
589 3664 622 3714 de
635 3665 669 3714 iis
683 3666 757 3732 ipsis,
778 3684 811 3716 ex
828 3665 910 3714 Parr.
926 3663 954 3714 2.
970 3660 1000 3713 d.
1016 3661 1044 3712 ὃ.
1060 3661 1125 3713 [8.

47 3715 119 3776 Vero.
137 3731 212 3786 1472
229 3743 257 3788 et
273 3735 361 3788 1499,
388 3735 477 3802 Naug.
495 3734 591 3785 Lamb.
608 3751 660 3804 pro
676 3737 789 3804 vulgato
807 3736 875 3794 nis„
959 3766 962 3784 .

51 3857 56 3869 ‚
88 3811 237 3860 revocatum.
273 3807 392 3858 llor.II
407 3807 497 3874 Epist.
516 3806 549 3865 l,
569 3805 645 3856 2252
672 3805 747 3856 Loca
757 3807 819 3878 jam
835 3801 1125 3855 recitatoreooloimus

49 3874 179 3926 *ocream
215 3879 251 3928 cd
267 3897 345 3946 quem
362 3879 381 3928 l.
400 3876 505 3928 Comm.
530 3874 633 3944 tiraq:
674 3876 794 3947 injussi,
819 3893 887 3942 quac
902 3891 976 3924 nemo
988 3874 1075 3943 petit,
1095 3881 1125 3922 ut

49 3942 181 3997 '‘P‘lamns.
215 3950 280 4000 Val.
301 3950 375 4000 Max.
397 3947 441 3997 vl
459 3948 497 4007 2,
523 3946 560 3998 9:
597 3947 724 4016 Diphilus
743 3947 904 4018 tragoedus,
938 3963 1017 4012 qurum
1037 3973 1068 3983 -
1089 3943 1125 3993 ad

50 4014 94 4052 ’ΜΒ
113 4028 210 4070 versum
232 4021 363 4078 uenisset,
394 4020 423 4068 in
448 4036 499 4084 quo
526 4018 603 4068 bucc'
617 4021 750 4068 sententia
770 4019 938 4075 continetur,
965 4015 1126 4065 Miseria

50 4084 152 4132 nostra
176 4107 323 4163 magnus
349 4108 398 4148 cs,
415 4089 542 4139 ‘directis
561 4090 590 4139 in
607 4090 759 4159 Pompeium
777 4089 906 4158 Magnum
924 4087 1045 4136 nrarnibus
1061 4103 1124 4154 pro-

51 4148 178 4224 lentant,-
197 4168 387 4228 reuocatusque
405 4159 550 4228 aliquoties
569 4178 587 4209 a
601 4162 701 4230 populo
713 4189 744 4202 ·-
755 4166 801 4210 est.
823 4159 884 4210 cie.
902 4157 938 4208 ad
949 4156 1054 4208 Atell
1071 4155 1124 4205 ltu

73 4215 240 4302 plilustrag.
266 4234 295 4283 tn
312 4240 430 4282 nostrum
448 4231 600 4301 Pompeium
614 4233 771 4301 petulanter
788 4231 907 4281 inuectus
931 4235 986 4302 est:
1022 4225 1125 4274 Nostra

52 4291 139 4341 nnana
155 4304 182 4348 tu
198 4303 378 4372 es‘dlaqnus,
405 4301 502 4352 millies
529 4303 637 4354 coactns
662 4308 703 4351 cst
725 4301 821 4352 dicere.
865 4317 891 4352 r.
911 4297 1055 4367 p.‹Sextio
1074 4293 1124 4348 38.

55 4421 60 4436 ⁸
90 4374 204 4423 stennon
216 4390 272 4446 cog.
290 4360 310 4428 i.
321 4393 344 4428 c.
360 4391 429 4444 quac
443 4373 575 4426 meditata
592 4378 620 4424 et
633 4379 801 4443 praeparata
812 4367 977 4442 scripsisset.
998 4365 1124 4417 orele:
