2824 5018
370 402 462 461 rso
486 404 521 466 ι.
543 402 758 462 nunnus.
1026 403 1110 496 453

34 571 149 644 consul,
171 579 205 632 et
227 569 396 644 misnens,
415 571 608 634 beneficium
629 571 887 653 populiltomani
908 597 979 636 eum
1000 583 1110 636 restra

32 663 117 737 utque
149 655 290 716 omnium
330 654 446 716 civium
487 655 592 716 salute
626 662 765 716 tuentur.
820 655 864 716 Et
896 657 1045 739 quonium
1074 659 1111 718 iu

31 737 86 798 boc
112 737 214 798 officio
254 737 396 798 studium
433 759 524 799 meae
561 737 760 798 defensionis
794 739 833 798 cb
866 740 1111 800 accusatoribus

31 828 118 904 utque
140 819 238 880 etiam
260 821 333 901 ipsa
354 821 519 900 susceptio
544 841 659 882 causae
689 820 887 902 reprehensa
920 830 991 894 este
1021 831 1112 883 ante·

52 926 115 962 uam
135 923 194 984 pro
216 903 256 962 1..
278 903 416 964 Murena
438 903 548 964 dicere
568 902 727 975 instituo,
757 925 816 984 pro
844 925 891 964 me
913 905 986 986 ipso
1008 923 1112 986 peuce

32 925 141 1046 dicam:
165 1007 232 1044 non
256 1007 319 1069 quo
341 985 420 1046 mibi
440 986 566 1066 potior,
592 985 654 1047 boe
677 986 807 1127 quidem
829 985 1046 1068 intempore,
1069 989 1112 1048 sit

34 1066 119 1128 officii
145 1066 230 1140 mei,
264 1089 358 1150 quam
378 1067 514 1129 huiusce
537 1068 653 1129 salutis
701 1069 846 1142 ciensie;
875 1069 933 1130 sed
955 1078 1011 1143 ut,
1041 1077 1112 1132 meo

32 1151 109 1210 fecto
130 1149 224 1213 vobis
247 1152 405 1230 probato,
436 1151 556 1212 meiere
579 1151 775 1212 auctoritate
799 1153 837 1212 ub
860 1152 954 1217 buius
979 1153 1113 1226 benere,

33 1234 117 1305 tame,
137 1233 345 1317 fortunisque
368 1233 527 1308 omnibus,
548 1233 749 1296 inimicorum
765 1235 906 1316 impetus
921 1237 1116 1320 propulsare

55 1337 151 1378 oswii·

32 1336 52 1397 P
91 1397 161 1460 Gar.
192 1397 243 1460 Π.
298 1397 343 1458 Et
380 1397 515 1478 primum
544 1399 589 1460 Μ.
616 1399 756 1472 Catoni,
792 1399 889 1461 vitem
922 1401 962 1461 ad
995 1401 1167 1462 certem-⁸

35 1479 157 1540 rationis
189 1502 335 1542 normam
366 1481 540 1562 dirigenti,
573 1490 606 1544 et
628 1482 877 1562 diligentissime
899 1483 1117 1566 perpendenti

35 1570 182 1625 momente
214 1563 391 1626 officiorum
422 1564 580 1638 omnium,
617 1565 657 1626 de
680 1567 784 1634 officio
806 1587 876 1628 meo
898 1567 1116 1648 respondebo.

36 1644 128 1726 Neget
147 1646 252 1706 inisse
274 1655 398 1708 rectum
421 1647 528 1720 Cute,
549 1669 598 1708 me
622 1657 654 1708 et
678 1649 861 1720 consulem,
892 1659 927 1710 et
947 1649 1030 1729 legis
1052 1672 1117 1709 em-

35 1725 112 1788 bitus
132 1728 294 1803 latorem,
324 1737 357 1790 et
378 1737 447 1789 tan
465 1751 577 1791 severe
600 1739 692 1810 gesto
717 1731 906 1804 consulatu,
929 1753 1057 1792 cunisam
1078 1732 1112 1791 1..

34 1808 177 1872 Murenae
210 1813 384 1892 attingere.
441 1814 531 1874 cuius
571 1811 781 1892 reprehensio
821 1836 869 1874 me
908 1812 1117 1876 vehementer

35 1903 141 1968 novet,
162 1917 231 1956 non
256 1894 359 1957 solum
373 1903 409 1954 ut
427 1896 530 1968 vobis,
552 1895 692 1970 indices,
715 1895 831 1978 quibus
846 1897 979 1956 maxime
999 1897 1115 1969 debeo,
1140 1973 1144 1980 .

36 1995 132 2038 verum
154 1979 255 2039 etiem
277 1986 312 2038 ut
332 1977 397 2058 ipsi
419 1975 556 2052 Catoni,
578 1977 764 2059 gravissimo
788 1987 884 2061 etque
906 1979 1114 2057 integerrimo

37 2057 116 2134 viro,
143 2063 307 2122 rationem
339 2059 418 2120 sueti
446 2061 509 2137 mei
538 2063 680 2142 probem.
729 2063 759 2122 A
789 2085 851 2144 quo
884 2061 1034 2134 tandem,
1068 2061 1117 2122 M.

39 2140 128 2216 Gaio,
159 2153 211 2205 est
244 2142 376 2225 aequius
408 2143 573 2204 consulem
596 2145 748 2218 defendi,
780 2167 872 2227 quem
904 2167 922 2203 a
955 2142 1114 2203 conside?

41 2222 107 2296 Quis
130 2227 212 2286 mihi
234 2227 270 2286 in
291 2226 459 2307 republica
481 2235 591 2306 potest
614 2237 669 2288 sut
692 2228 789 2288 debet
807 2249 878 2286 esse
897 2227 1112 2298 coniunctior,

42 2326 115 2385 quem
145 2309 197 2384 is,
234 2309 287 2369 cui
318 2309 502 2390 respublica
534 2333 550 2371 u
578 2333 627 2370 me
655 2333 717 2371 nna
743 2311 883 2370 truditur
904 2309 1124 2382 sustinenda„

39 2419 122 2434 *Ὧ-

80 2489 115 2541 m
131 2495 267 2558 quantum.
304 2489 466 2543 Ciceronem
491 2492 574 2560 longe
595 2511 676 2561 saepe
693 2494 866 2564 praefatione
884 2510 1014 2544 excusare
1034 2491 1116 2544 officii

37 2558 243 2622 mirationem,
276 2569 367 2614 monet
386 2561 481 2628 Quint.
502 2563 547 2612 xl
567 2563 602 2623 l,
621 2563 669 2615 67.
697 2593 729 2602 -
764 2564 812 2616 sic
831 2583 856 2632 p.
878 2564 958 2614 Sulla
978 2563 1012 2614 lc
1050 2560 1115 2612 Cum

37 2624 103 2695 injus
115 2634 232 2701 periculi
249 2632 450 2700 propulsatione
470 2633 626 2704 conjunpam
644 2632 819 2702 defensionem
838 2634 914 2705 officii
933 2634 991 2684 mei.
1012 2661 1044 2673 -
1079 2631 1117 2682 In

28 2700 116 2768 xserbis
132 2721 208 2773 seqq.
227 2719 319 2754 omnes
336 2702 417 2756 Parr.
431 2702 517 2756 Bavv.
530 2720 590 2754 cum
604 2705 718 2756 Venetis
743 2705 897 2772 ceterisque
915 2704 996 2754 libris
1019 2704 1115 2770 legunt

37 2783 145 2836 nonque
164 2775 230 2826 mibi
240 2794 249 2833 ς
280 2772 322 2823 ed.
341 2771 435 2823 Lomb.
451 2791 503 2823 non
520 2768 590 2840 quod
608 2775 682 2824 scribi.
719 2775 777 2825 Sed
793 2793 817 2826 u.
832 2794 859 2843 p.
876 2775 907 2824 S.
924 2774 1007 2824 llosc.
1026 2775 1048 2840 ξ.
1065 2770 1113 2822 bt.

79 2839 117 2892 11.
134 2845 157 2912 fi.
177 2845 206 2896 ὅ.
242 2842 355 2892 rationis
373 2860 507 2902 normam,
533 2845 550 2896 i.
569 2863 592 2894 e.
617 2845 652 2896 ud
676 2843 836 2912 disciplinae
861 2845 963 2894 stoicae
985 2842 1116 2909 regulus,¹

36 2919 183 2982 Praecepta.
221 2913 278 2964 Oll'.
295 2912 395 2964 1114:
437 2913 503 2965 Erit
526 2921 612 2966 autem
633 2915 698 2964 baec
718 2912 834 2981 formula
853 2915 994 2964 stoicorum
1012 2913 1114 2962 rationi

37 2975 235 3050 disciplinaeque
259 2983 371 3034 maxime
394 2992 577 3035 censentanea.
612 2984 721 3036 Acadd.
740 2983 846 3034 11462
888 2983 967 3032 Harae
992 2999 1119 3040 norisium,

36 3043 95 3100 l*tom
109 3055 245 3126 requiam,
264 3053 331 3104 bane
346 3056 580 3123 praescriptionem
595 3073 650 3106 esse
664 3062 783 3103 naturae.
820 3071 845 3106 v.
864 3055 897 3104 de
915 3051 1049 3103 Amicii.

52 3161 55 3168 .
80 3134 205 3176 momenta
222 3124 363 3195 officiorum
380 3127 603 3193 perpenduntur,
629 3123 828 3192 comparando,
851 3121 1120 3192 quodnam-,officium

36 3187 990 3318 :leucumcernemus.vnr:
1003 3193 1120 3314 trec

36 3333 222 3395 succimentusn,
251 3336 342 3408 ῥοπὴ,
369 3337 442 3402 quod
462 3337 534 3404 opud
551 3333 675 3386 Graecos
693 3335 786 3386 eedem
803 3282 882 3385 sedin
897 3281 1032 3384 triansldto
1051 3281 1119 3383 dici-

36 3402 82 3449 issr·
118 3404 174 3457 ΟΕ.
189 3407 240 3457 Ill
258 3405 294 3456 5:
333 3404 411 3467 Quod
426 3406 561 3456 honestum
576 3413 630 3464 est,
656 3404 685 3456 id
702 3407 742 3456 ita
759 3422 883 3455 sumntum
898 3406 1061 3460 benumest,
1088 3409 1119 3452 ut

36 3473 114 3522 oruuia
131 3495 164 3526 ex
187 3477 276 3526 alteru
292 3482 369 3543 parte
385 3476 534 3534 collocata,
560 3477 608 3528 uix
628 3477 727 3526 minimi
749 3477 868 3526 momenti
889 3477 980 3526 instar
991 3474 1116 3525 babeant.

34 3536 162 3596 Araddl
180 3549 247 3600 nlt.=
268 3544 333 3596 Cum
350 3546 481 3597 incudem
496 3563 534 3605 re,
550 3547 790 3614 pariavcoutruriis
808 3547 836 3596 in
851 3547 975 3615 pertibus
987 3550 1115 3594 momenta

35 3612 156 3664 rationum
175 3617 363 3669 invenirentur.
401 3618 434 3668 de
448 3616 629 3685 Repulit:
659 3615 823 3686 Chrysippus
836 3634 884 3666 suo
902 3633 970 3666 merc
985 3614 1114 3680 loquitur,

35 3687 61 3725 ¹28
83 3687 167 3736 omilin
194 3688 332 3738 occisorum
359 3689 508 3744 niorrsentis,
540 3706 592 3738 nen
605 3705 704 3736 'rerum
724 3687 884 3756 ponderibus
910 3687 1050 3736 examinet.
1080 3709 1112 3722 -··

35 3745 124 3804 Paullo
143 3764 206 3823 post
225 3757 310 3806 Ascli.
329 3757 397 3811 lius.
416 3756 495 3808 Parr.
514 3756 535 3808 4
562 3757 590 3809 8.
608 3756 636 3809 9.
655 3757 744 3808 Venn.
760 3758 847 3809 Hert.
864 3757 936 3808 (Hx.
954 3773 1013 3807 eum
1032 3754 1115 3806 libris

35 3815 121 3874 bamb.
137 3827 219 3878 Grut.
236 3826 364 3879 Gracilis
386 3845 404 3878 a
419 3846 457 3886 me
476 3847 529 3878 una
546 3827 681 3886 truditur,
701 3829 774 3896 quud
789 3827 912 3878 nonnulli
929 3827 1112 3894 interpreten-

35 3891 88 3942 turc
113 3913 164 3947 uua
189 3913 248 3948 cum
263 3899 404 3959 Antoni03
438 3899 499 3949 aliis
524 3916 576 3948 una
597 3917 657 3950 curn
680 3899 828 3950 consulatu.
864 3896 934 3948 Mihi
952 3903 988 3952 τὸ
1007 3914 1061 3946 uun
1076 3895 1113 3946 ad

35 3961 139 4016 verbum
151 3969 305 4020 sustinenda
321 3969 495 4019 referendum
510 3970 636 4028 videtur,
661 3976 692 4020 ut
710 3971 746 4020 sit
761 3986 866 4019 sensus:
892 3968 936 4018 cui
952 3985 1024 4034 resp.
1038 3986 1054 4017 a
1068 3983 1112 4017 me

35 4033 146 4086 truditur
169 4055 222 4088 nna
248 4057 307 4090 cnm
328 4039 416 4090 altere
438 4040 565 4099 donsule,
591 4039 625 4090 l).
647 4040 762 4098 Silenos
786 4040 948 4090 sustinenda.
984 4038 1028 4088 Ex
1043 4037 1112 4086 meis

35 4106 172 4158 uuusPar.
190 4107 224 4167 7,
252 4110 299 4178 qui
314 4111 452 4160 recentior
479 4116 506 4161 et
528 4109 629 4160 nullius
650 4110 821 4161 auctoritatis
842 4114 899 4168 est,
933 4107 1017 4158 babet
1040 4124 1109 4164 uno,

37 4173 102 4250 quod
124 4178 151 4226 in
174 4196 258 4245 marg.
274 4179 397 4230 Venetae
416 4179 495 4231 1499
513 4187 541 4232 ct
560 4181 588 4230 in
602 4181 662 4234 eod.
677 4180 786 4231 Francii
805 4180 939 4246 genuinae
954 4180 1111 4248 scripturae

37 4247 182 4308 lupositum
201 4258 250 4303 est.
286 4251 430 4302 Ernestius
448 4250 474 4304 b.
494 4269 552 4303 voc.
572 4250 667 4302 abesse
685 4251 789 4302 maluit.

81 4318 238 4376 sustinendo.
269 4323 302 4372 de
321 4321 391 4389 liep.
410 4321 444 4370 11
462 4319 521 4374 ibe
548 4321 580 4371 L.
595 4321 705 4378 Brutus,
723 4339 779 4370 eum
792 4321 914 4389 privatus
930 4327 1006 4376 esset.
1025 4324 1107 4369 totam

37 4391 107 4450 remp.
130 4391 260 4442 sustinuit.
296 4410 321 4462 p.
344 4393 421 4444 Sest-
443 4389 500 4443 662
540 4391 594 4453 Qui
617 4392 672 4442 suis
697 4391 842 4443 cervicibus
866 4409 944 4460 remp.
969 4389 1107 4442 sustinent.
