2824 5018
288 325 292 334 ’
383 379 477 432 ano
506 377 537 430 ι.
566 379 784 437 nunnus.
1045 387 1122 464 481

56 565 120 606 neu
136 545 252 607 homini
272 567 356 609 noro
380 567 452 610 esse
472 549 628 621 deber-eta
665 550 811 630 prolecto
835 551 914 611 mihi
934 573 1040 636 neque
1065 556 1133 616 ini-2

57 629 132 702 miei,
151 649 253 712 neque
269 629 373 691 inridi
390 630 582 692 defuissent.
625 631 818 694 Omittamus
832 633 932 714 igitur
950 636 990 694 de
1008 657 1126 716 genere

58 711 172 784 dicere,
204 713 293 774 onius
325 721 376 774 est
400 735 515 795 magna
540 714 576 774 in
598 723 736 800 utroque
760 715 920 797 dignitas:
960 718 1124 781 rideamus

57 801 161 854 eetera.

108 877 313 952 Quaesturam
336 899 399 938 una
418 878 535 960 petiit,
558 887 592 942 et
613 899 681 941 sum
704 901 764 962 ego
785 882 889 942 iaetus
910 881 1008 963 prior.
1051 871 1174 944 Νοιι18

57 967 98 1018 est
123 960 379 1044 respondendum
402 963 442 1020 ad
465 962 579 1022 omnia.
616 985 721 1046 neque
753 965 837 1025 enim
862 986 1051 1048 quemquam
1072 989 1126 1027 ve·

56 1048 142 1101 strum
162 1043 261 1122 fugit,
285 1065 356 1105 eum
377 1043 470 1104 multi
490 1067 585 1126 pares
608 1046 765 1128 dignitate
788 1049 887 1120 fiant3
916 1069 997 1108 unus
1020 1058 1126 1112 autem

55 1123 173 1203 primum
195 1127 284 1188 solus
304 1127 409 1208 possit
431 1127 595 1188 obtinere:
632 1150 697 1190 non
726 1132 863 1193 eundem
884 1152 956 1190 esse
979 1131 1125 1193 ordinem

57 1205 207 1286 dignitatis
239 1217 272 1272 et
305 1210 572 1270 renuntiationis:
611 1220 785 1294 propterea
813 1214 900 1297 quud
928 1215 1125 1275 renuntiatio

56 1291 157 1366 gradus
172 1290 300 1366 lrabeat,
322 1292 463 1373 dignitas
480 1301 585 1355 autem
602 1295 645 1364 sit
664 1317 820 1378 persaepe
844 1297 956 1356 eadem
977 1299 1126 1359 omnium.

55 1371 109 1430 Sed
139 1385 310 1472 quaestura
337 1377 505 1459 utriusque
534 1379 764 1460 propemodum
786 1380 855 1460 pari
877 1387 1035 1441 momento
1058 1401 1127 1442 sor·

54 1452 89 1511 tis
117 1455 185 1518 lnrt.
236 1457 362 1519 Habuit
392 1457 446 1518 hie
476 1458 550 1540 lege
580 1459 671 1521 'l'itia
700 1463 899 1542 provineiam
928 1462 1060 1523 tacitam
1093 1469 1126 1524 et

54 1537 194 1616 quietam=
216 1549 254 1602 tu
275 1539 387 1614 illam,
410 1540 481 1615 eui,
502 1562 575 1603 eum
598 1553 787 1626 quaestores
810 1551 1006 1618 sortiuntur,
1030 1546 1126 1606 etiam

55 1619 207 1684 reclamari
224 1623 330 1697 solet,
367 1623 571 1698 Ostiensem,
601 1637 753 1687 nontam
774 1629 967 1706 gratiosam,
1000 1635 1033 1688 et
1051 1627 1125 1689 illu-

54 1709 148 1776 strem,
170 1726 263 1789 quam
282 1709 482 1786 negotiosam
501 1717 534 1768 et
554 1707 731 1769 molestam.
775 1711 936 1771 Consedit
956 1711 1125 1792 utriusque

1026 1849 1124 1862 ——na-a

52 1907 113 1958 siam.
148 1911 254 1962 Summo
271 1912 329 1962 loeo
344 1919 437 1972 natas,
456 1915 515 1980 quis
529 1921 576 1972 est,
595 1917 641 1981 qui
653 1921 742 1986 petere
759 1915 922 1967 consulatum
939 1919 1033 1984 putet?
1052 1915 1127 1966 uides

53 1975 122 2044 igitur
141 1984 309 2051 amplissimis
334 2001 367 2033 ex
389 1983 502 2052 familiis
525 1983 658 2043 homines,
695 1985 765 2052 guod
788 1987 845 2036 sine
866 1987 954 2036 nervis
969 1987 1040 2044 siut,
1076 1986 1126 2036 tibi

52 2063 117 2188 purg
132 2069 183 2174 iii
198 2054 552 2194 eiiiiahviiidd'i'dd'dargiis
561 2053 665 2193 (li'ppun
680 2094 865 2178 declarentur.
900 2093 1039 2176 Absolute
1053 2127 1125 2193 posi·

55 2191 98 2240 tun
112 2192 211 2260 legitur
232 2193 284 2248 lsoe
300 2193 411 2249 vertam
427 2195 545 2248 etiamin
553 2195 647 2246 Plane.
657 2193 742 2263 lippe
763 2194 805 2264 Si,
823 2197 1032 2262 quotiescumque
1046 2214 1125 2264 prae·

57 2260 130 2312 terim
150 2266 259 2322 eritis,
279 2266 324 2330 grai
341 2282 393 2322 nou
410 2265 529 2316 debuerit
545 2267 704 2334 praeteriri,
732 2268 809 2317 toties
832 2265 962 2333 oportebit
978 2284 1049 2324 eures,
1079 2267 1125 2339 qui

53 2325 123 2393 flletus
144 2336 210 2392 erit,
240 2330 415 2386 condemnari.
452 2353 476 2387 v.
497 2343 553 2388 not.
581 2337 616 2386 ad
635 2336 657 2402 ξ.
677 2335 724 2386 55.
761 2337 878 2403 Saepius
903 2343 992 2386 tamen
1013 2337 1125 2386 additur

53 2410 168 2464 quaestor,
186 2412 309 2472 praetor,
328 2405 428 2456 sensui.
464 2423 488 2458 v.
505 2407 597 2456 Beier.
615 2405 649 2455 ad
667 2405 721 2456 Off.
739 2405 862 2466 11120,
884 2405 973 2455 79.-
1010 2405 1074 2456 Par.
1093 2403 1123 2458 4.

52 2471 101 2520 eod.
117 2473 145 2524 S.
163 2475 239 2526 vict.
253 2493 319 2544 pere
333 2476 464 2548 dignitate
470 2497 480 2536 ,-
500 2477 570 2530 llas.
586 2476 650 2526 Par.
665 2475 693 2526 8.
711 2475 802 2526 Oine
817 2477 881 2543 puri
897 2475 1037 2544 dignitate.

90 2546 174 2596 sertis.
213 2545 383 2613 Quaestores
413 2564 446 2598 ex
470 2546 706 2602 senatusconsulto
738 2547 894 2614 provincias
929 2541 1125 2597 sortiebantur.

49 2604 110 2664 iliae
124 2633 180 2666 sors
197 2633 376 2686 premanere
394 2618 546 2683 quaestoris
563 2615 608 2668 vel
621 2633 674 2684 pro
691 2616 751 2683 ipsa
767 2617 910 2684 prouincia
925 2617 1033 2684 saepius
1049 2616 1125 2683 poni·

49 2683 92 2730 fur·
124 2685 238 2740 Vernl
258 2686 311 2737 15:
351 2687 485 2748 Quaestor
506 2705 539 2738 ex
558 2685 587 2736 S.
607 2685 636 2736 G.
653 2688 818 2754 provinciam
834 2689 945 2756 sortitus
964 2705 1006 2744 es,
1029 2688 1127 2756 obtigit

48 2749 89 2799 titi
103 2758 257 2808 consularis.
278 2785 310 2796 -··
349 2755 431 2808 Unum
446 2757 523 2815 dieo,
549 2758 577 2808 in
594 2757 720 2826 ejuratodi
737 2764 850 2825 ternpore
872 2775 903 2806 ee
921 2765 992 2806 sorte
1007 2757 1125 2806 statuere

46 2822 67 2865 it
79 2821 201 2886 debuisse,
221 2834 308 2877 utrum
322 2828 414 2878 auelles
429 2829 534 2879 sentire.
559 2846 582 2882 v.
600 2829 668 2884 ibid.
685 2826 724 2880 ld
738 2835 766 2879 et
781 2826 828 2879 tt.
855 2823 1123 2898 Div.inCaee.14.

48 2885 107 2942 Phil.
124 2895 155 2947 11
169 2899 210 2950 90
228 2904 256 2948 et
274 2897 340 2948 Tae.
358 2899 403 2948 xl
419 2897 468 2949 tt.

88 2962 141 3033 lege
162 2969 245 3020 Titia.
282 2965 447 3036 Pighius'ad
463 2987 486 3020 a.
501 2987 527 3022 n.
545 2985 567 3020 o.
585 2967 948 3024 concultemus,
969 2963 1002 3014 G.
1020 2961 1125 3015 Titium

44 3025 121 3096 legem
146 3039 180 3092 de
202 3045 376 3107 quaestorum
402 3057 514 3090 numero
540 3039 707 3106 duplicando
732 3045 760 3088 et
782 3037 931 3104 provinciis
959 3035 1124 3101 quaestoriIs

44 3108 161 3167 augendis
182 3110 385 3176 sortiendisqne
409 3127 441 3160 ex
467 3111 497 3160 S.
521 3105 554 3158 G.
579 3109 694 3168 tulisse;
721 3109 762 3157 uti
785 3108 852 3155 duae
876 3123 908 3156 ex
926 3105 988 3170 lege
1006 3105 1122 3155 Valeria
1195 3137 1200 3148 ι

44 3182 123 3226 essent
138 3181 240 3230 aerarii
256 3180 389 3238 Saturni,
409 3181 477 3228 dune
494 3179 650 3228 consulares
668 3179 730 3244 lege
747 3176 930 3244 Sempronia,
958 3182 987 3225 et
1006 3180 1123 3242 quatuor·

42 3253 159 3298 novarum
174 3249 337 3302 Italicorum
351 3250 563 3316 provinciarum.

91 3308 244 3370 Ostiensem.
263 3319 396 3370 Nonnulli
412 3323 519 3386 putant,
539 3316 666 3374 earundem,¹
682 3332 741 3367 euna
752 3315 977 3374 essetmaritima,
996 3332 1047 3382 per
1059 3329 1122 3365 eon-

41 3385 141 3438 teutum
165 3392 266 3441 dietam
286 3407 345 3440 esse
369 3390 508 3454 aquarium
532 3387 560 3437 in
582 3387 729 3438 Vatiniana
753 3403 774 3436 e,
791 3384 827 3452 ¹li:
866 3381 931 3435 Cum
955 3387 1005 3435 tibi
1027 3401 1122 3456 mapno

40 3449 142 3508 claruere
158 3462 275 3528 aquaria
286 3461 427 3529 prouincia
441 3466 512 3508 sorte
528 3457 672 3526 attigisset.
700 3458 777 3508 Soet.
792 3455 892 3508 Claud.
910 3453 966 3508 24:
1001 3453 1121 3523 Callepie

40 3535 210 3588 quaestorum,
230 3531 352 3580 detracta
372 3528 489 3580 Ostiensi
507 3535 532 3578 et
546 3527 656 3578 Gallina
666 3527 825 3595 provincio,
844 3544 933 3578 eurum
950 3527 1052 3576 aerarii
1070 3525 1121 3576 Su·

40 3595 103 3644 tarni
117 3599 242 3651 reddidit.
279 3618 304 3652 v.
320 3600 400 3668 Pigh.
417 3601 434 3650 l.
451 3617 475 3650 e.
491 3606 518 3652 et
534 3598 610 3666 Lips:
628 3599 662 3648 ad
676 3596 743 3648 Tae.
759 3597 803 3646 IV
820 3595 859 3647 ill
870 3633 877 3660 ‚
889 3595 928 3668 ,5.

84 3663 224 3728 Consedit,
240 3671 344 3740 jacuit,
364 3669 475 3738 quievit.
513 3687 537 3721 v.
554 3667 736 3736 supru§.17.
754 3667 929 3720 Foreelliuns
944 3665 1039 3715 laudat
1058 3664 1119 3715 cte.

38 3731 68 3778 'd
83 3736 141 3790 Ate.
158 3740 242 3792 1142
280 3739 344 3790 Cum
362 3741 477 3804 Quintus
489 3738 661 3808 morlupum,
687 3745 717 3788 ut
734 3755 885 3806 speramus,
913 3738 942 3787 in
959 3735 1014 3785 otio
1033 3753 1120 3785 eurise·

36 3797 106 3858 Otii·
143 3809 223 3864 Orat.
239 3809 278 3862 ili
295 3819 380 3862 estne
407 3809 467 3860 Hae
481 3827 563 3880 persus
578 3810 727 3865 arationis,
745 3808 877 3876 repulsum
895 3824 912 3858 u
931 3806 1073 3875 grauibus,
1092 3807 1121 3856 in

36 3884 79 3931 Μ,
96 3877 127 3927 de
140 3897 193 3948 qun
211 3881 323 3947 legator,
341 3881 522 3932 mediocritate
535 3877 661 3930 consedit.
696 3878 802 3930 Eadem
816 3877 877 3929 iere
894 3877 1017 3934 ratione,
1037 3875 1121 3926 ardor

36 3944 122 4005 suini,
153 3949 247 4018 fieren,
276 3949 347 4002 ‘eura
379 3951 513 4000 eansidere
544 3950 653 4001 dieitur.
681 3979 712 3990 -
731 3965 874 4018 eurupam.
910 3947 1053 4014 Frequens
1077 3951 1120 3996 est

35 4005 106 4082 ¹'titas
120 4021 295 4090 metaphorae
310 4037 374 4072 usus
392 4023 464 4088 apud
481 4019 770 4072 cinnamellus
787 4037 845 4086 pne
885 4017 971 4082 Quum
992 4018 1029 4100 sit
1051 4034 1119 4067 eam·

32 4095 90 4144 PM,
108 4089 136 4138 in
151 4108 202 4156 qua
219 4092 356 4142 exsultare
370 4093 457 4160 pessit
474 4092 578 4141 oratioe
605 4107 653 4140 eur
669 4107 726 4140 eum
743 4090 771 4138 in
788 4095 879 4138 tuntas
896 4093 1036 4157 augentius
1052 4089 1117 4136 e'om·

31 4152 168 4214 tellinae?
206 4161 286 4215 Orat.
303 4161 424 4214 111512
459 4159 494 4210 Ia
509 4160 558 4212 lroe
575 4167 668 4219 tanto,
696 4168 750 4210 tam
765 4161 939 4225 immensoque
954 4174 1044 4225 eurupo
1061 4173 1118 4232 eum

33 4217 107 4276 lieret
123 4233 226 4283 oratori
239 4233 337 4304 osgeri
350 4232 447 4289 litere,
466 4238 562 4298 etque,
581 4233 733 4296 uniemur
747 4229 912 4287 eonstiterit,
930 4228 1073 4278 eonsistere
1088 4227 1117 4275 in

33 4305 90 4353 '¹⁸⁰2
115 4298 197 4366 senile
218 4295 371 4374 iuppeditet
392 4302 474 4356 enanis
495 4308 642 4370 apparatur
668 4306 829 4366 ornatusque
848 4295 962 4350 dicendi.
1000 4313 1024 4348 r.
1043 4294 1116 4348 Plril.

33 4358 379 4448 X1VO.p.t1are.fifl.
401 4401 432 4416 -
468 4371 581 4425 Franoti
599 4371 701 4428 sodex,
730 4371 776 4438 qai
796 4369 944 4491 dptlerioris
959 4373 1040 4446 notae
1058 4361 1116 4436 es't.
