2766 5026
311 353 403 438 sno
423 384 459 438 r.
479 383 628 440 nmmo
647 384 840 475 umens.
1040 381 1124 459 295

55 571 113 610 eum
131 549 167 608 Τ.
182 550 306 610 Annius
324 549 352 633 ι)
377 553 449 632 ipse
473 552 574 634 magis
595 551 636 613 de
652 552 852 634 reipublicae
869 551 996 626 solute,
1031 573 1125 635 quem

53 632 86 692 de
120 653 172 692 sue
203 633 434 712 perturbetur,
476 657 527 695 me
564 635 606 696 od
635 636 704 696 eius
733 653 861 696 eausam
888 656 999 718 parem
1028 635 1126 694 enimi

52 715 284 793 magnitudinem
308 717 421 776 afferre
441 739 506 778 non
524 739 641 800 posse3
671 726 779 778 temen
795 718 884 778 ‘baec
910 719 986 778 novi
1008 718 1125 778 iudicii
1206 743 1208 746 ·

53 820 121 857 nova
136 798 232 858 forma
250 807 353 860 terret
373 799 487 861 oculos
498 845 509 876 ‚
537 802 615 884 qui,
648 823 850 886 quocumque
870 801 1058 862 inciderunt
1076 799 1124 883 ²),

51 935 132 944 ——..

7 1027 8 1030 η
94 995 120 1061 1)
136 996 168 1048 r.
183 997 288 1050 nsum
304 995 383 1050 uuo.
420 997 451 1067 e)
469 975 626 1052 insistunt.

51 1221 153 1269 credone
175 1217 340 1272 nobilissima
359 1239 411 1290 pro
428 1221 531 1273 dlilone
546 1222 718 1294 principium,
745 1239 840 1274 nonne
852 1220 889 1272 ad
905 1220 1027 1294 stapulas
1038 1237 1124 1290 paene
1185 1289 1188 1298 1

7 1307 9 1313 ·
50 1287 229 1350 distinetionesss
257 1294 378 1359 quamuis
396 1296 424 1343 in
442 1293 632 1363 eademff'sseie,
660 1303 747 1344 tamen
771 1293 850 1360 quasi
872 1293 962 1343 cultros
984 1292 1124 1344 mutandus

51 1363 95 1409 est?
124 1361 544 1433 Dtsi‚cereor,judiees,
562 1383 603 1414 ne
622 1373 731 1436 turpe
749 1367 817 1422 sit,
833 1363 1124 1433 pressortissimo

50 1431 115 1480 ciro
132 1431 256 1483 dicere
275 1429 514 1502 incipientem
533 1436 663 1488 timere.
700 1435 817 1486 Etiamsi
835 1441 890 1484 toto
909 1435 1047 1504 proposito
1065 1453 1124 1484 eon·

50 1507 144 1552 tractum
158 1504 436 1568 atquersummissum,
455 1507 519 1572 quia
537 1512 564 1554 et
578 1505 716 1556 exordium
732 1514 780 1564 est,
800 1511 826 1554 et
841 1506 954 1556 solliciti
972 1503 1124 1554 exordium:

50 1580 117 1620 tannen
128 1571 227 1640 licerit,
246 1593 354 1626 neeesse
371 1583 427 1633 est,
439 1575 552 1642 ‚aliquid
563 1576 670 1644 plenius
687 1586 713 1628 et
730 1577 860 1635 erectius,
879 1595 936 1626 etun
955 1575 1037 1634 dicit,
1057 1575 1124 1626 Pro

50 1641 235 1708 fortissimo
255 1647 353 1704 uiro,
381 1663 459 1712 quarn
480 1665 554 1703 cum,
581 1647 826 1704 Etsioereor,
855 1655 897 1704 et,
927 1646 1125 1716 Turpesit,

51 1719 82 1770 st,
107 1713 247 1766 Timere.
284 1715 348 1765 dam
370 1716 486 1768 serrendo
503 1719 646 1785 respiratio
664 1719 795 1768 increscat
811 1724 930 1785 oportet,
956 1724 982 1766 et
1004 1716 1125 1767 naturali

8 1775 10 1788 ’
53 1783 140 1846 quodum
156 1793 275 1844 screatu>
298 1804 349 1852 quo
368 1789 452 1838 minus
465 1786 565 1857 pavide
581 1788 711 1844 dicimus,
738 1806 805 1854 quae
822 1794 983 1853 sequuntur,
1010 1795 1036 1836 et
1054 1786 1125 1853 quod

9 1903 10 1906 ,
54 1855 179 1922 moqnitudo
195 1858 280 1906 arsirni
295 1857 408 1908 Milonis
428 1858 591 1918 ostenditur,
610 1858 823 1925 Minimeque
841 1858 981 1914 deceat,
1000 1876 1072 1908 cusu
1093 1855 1123 1908 Τ.

56 1923 165 1976 danitas
182 1928 260 1996 ipse
278 1929 389 1996 inopis
409 1928 643 1997 reipublicae
660 1928 699 1978 de
717 1930 864 1986 salute,
884 1925 989 1994 quam
1007 1927 1045 1978 de
1063 1945 1124 1978 sua

55 1999 276 2058 perturbetur.
320 1997 423 2048 Deinde
449 2001 527 2066 quasi
552 1999 703 2069 objurqatio
730 1999 772 2048 sui
802 2005 859 2055 est,
893 1997 947 2046 Me
974 1997 1018 2046 acl
1046 1997 1123 2066 ejus

7 2075 9 2086 ⁰
56 2081 310 2136 tausumparem
328 2070 437 2120 areisui
457 2070 742 2139 maqnitudiuern
760 2067 900 2136 afferre
925 2085 993 2116 reon
1008 2083 1123 2136 posse.

9 2199 10 2204 ¹
57 2132 101 2184 Tum
122 2139 316 2202 invidiosiora,
353 2137 479 2190 Tamen
505 2141 590 2191 leuce
617 2139 864 2209 uooijud'iaii
890 2137 1125 2206 novaqfermn

7 2203 10 2226 '²
53 2211 146 2258 terret,
169 2210 307 2260 oeulos.
352 2209 409 2260 Illa
436 2228 498 2261 vero
518 2211 580 2280 jam
601 2229 685 2280 paene
711 2211 828 2278 apertis,
856 2208 886 2258 ut
909 2207 1003 2284 ajunt,
1034 2209 1124 2268 tibiis,

7 2273 9 2292 ¹
53 2274 119 2335 Qui,
145 2297 361 2346 quocumque
387 2277 617 2340 inciderunt,
645 2279 942 2331 cousuetudinem
966 2277 1063 2347 sori,
1091 2288 1126 2330 et

46 2349 213 2410 pristinum
248 2369 373 2402 rnorem
403 2343 630 2422 judidiorum
664 2353 873 2418 requirunt.
918 2349 988 2400 Num
1015 2367 1126 2416 sequens

49 2415 113 2468 latum
135 2423 214 2472 etiam
239 2429 321 2488 atque
345 2421 434 2489 Ιίιειιιη
455 2429 512 2482 est,
539 2422 616 2473 Nou
641 2425 733 2472 enim
760 2438 900 2472 corona
926 2417 1126 2472 consessus

48 2497 150 2540 uester
174 2493 315 2542 c'inctus
341 2499 414 2551 est,
442 2500 480 2542 ut
504 2494 664 2544 solebat.
702 2511 726 2544 v.
749 2491 854 2552 DM,
880 2490 1127 2558 74.'Gognomess

47 2556 193 2613 Milo'abest
209 2581 224 2612 n
244 2561 325 2612 Perr.
344 2563 429 2615 Bevv.
446 2564 507 2614 Erf.
525 2563 598 2614 oux.
616 2564 703 2614 Barh.
728 2582 744 2612 a
762 2563 904 2632 plerisque
923 2561 1126 2629 Lagemursiuii

47 2629 110 2680 codd.
125 2639 151 2682 et
164 2633 262 2700 Quint.
279 2632 370 2692 libris,
385 2639 471 2702 ptque
487 2634 521 2685 ab
538 2635 600 2684 edd.
614 2641 680 2685 vett.
693 2634 888 2702 Adjeetionem
900 2636 1023 2704 produnt
1036 2633 1124 2702 Logg.

7 2715 8 2718 ’
46 2695 101 2750 iim.
118 2719 164 2772 pr.¹
178 2704 226 2755 90.
248 2705 311 2754 edd.
326 2705 415 2754 Venn.
436 2703 515 2755 14⁷2
535 2712 562 2756 et
582 2703 662 2756 1480
681 2705 750 2754 Milo
773 2704 802 2754 Τ.
821 2705 928 2754 Asinius
954 2703 1122 2756 exhibentes.

7 2769 9 2787 ³
47 2785 63 2816 r.
82 2772 146 2822 inira
170 2775 192 2842 ξ.
210 2773 239 2824 6.
261 2775 308 2824 77.
326 2773 364 2824 82
390 2782 459 2826 extr.
484 2782 512 2826 et
539 2774 607 2826 100.
643 2776 841 2842 VoeulaJcmm,
858 2777 894 2839 ¹in
911 2776 978 2826 Bav.
999 2793 1053 2825 see.
1072 2794 1123 2844 per

44 2847 119 2891 notam
135 2845 487 2914 compersdioeiemseripte‚
506 2847 641 2914 originem
657 2847 734 2896 dedit
747 2846 849 2914 ineptis
864 2845 1046 2896 lectionibus:
1066 2863 1124 2895 curn

7 2977 8 2982 1
44 2914 120 2962 consid
138 2915 167 2964 Τ.
184 2916 310 2974 Annius,
338 2916 652 2984 quodinArch.01x.
675 2917 813 2967 normullis
832 2916 919 2984 Lngg.
938 2944 969 2954 -
997 2920 1038 2965 et:
1065 2933 1123 2966 eum

44 2991 120 3032 contra
139 2985 167 3036 T.
181 2987 304 3044 Arcisius,
325 2988 398 3054 quod
415 2988 443 3036 in
461 2989 523 3039 edd.
541 2989 619 3039 Rom.
639 2988 727 3037 Venn.
745 2985 833 3037 1438.
851 2985 931 3036 1499
949 2991 1044 3037 exstat.

86 3053 181 3122 offerre.
219 3059 256 3106 ad
278 3058 340 3107 Ate.
361 3058 422 3107 xll
449 3058 504 3110 ὅθι
538 3059 663 3108 Animum
681 3076 791 3107 ossciuem
806 3055 843 3106 ud
860 3074 901 3106 res
919 3055 1039 3128 difficiles
1055 3057 1121 3104 scri-

44 3120 125 3174 bendos
141 3125 258 3195 afferrem.
296 3126 377 3178 Orat.
401 3128 494 3189 155,
523 3129 595 3180 132:
632 3127 685 3189 Qui
704 3147 720 3176 a
736 3127 869 3180 scribendi
884 3125 1069 3176 cousuetudine
1085 3126 1122 3176 ad

43 3189 161 3246 dicendum
178 3200 268 3255 uenit,
287 3197 355 3248 bunc
373 3197 451 3266 affert
467 3200 624 3266 [bereltatem
640 3206 688 3247 etc.

85 3265 234 3319 inciderunt.
273 3269 321 3319 sic
337 3264 401 3318 Par.
420 3271 445 3319 1.
462 3269 529 3320 Bav.
549 3267 738 3327 Erfurtensis‚
759 3269 813 3334 qui
823 3266 889 3317 mihi
904 3265 1029 3318 Fabricii
1047 3267 1120 3317 liber

44 3347 89 3383 esse
105 3338 225 3398 videtur,
245 3337 333 3406 [sugg.
351 3339 407 3400 45,
428 3339 476 3390 07.
498 3360 533 3391 m.
549 3358 592 3408 pr.
609 3345 637 3388 et
652 3338 780 3406 plerique
798 3337 893 3405 Quint.
919 3338 1036 3387 codices.
1073 3337 1120 3388 lta

43 3403 197 3460 teserem.
215 3408 328 3460 Milonis
344 3409 378 3460 ὅς
416 3411 468 3460 Est
483 3413 551 3460 euim
569 3426 729 3477 quocumque
742 3411 830 3466 venit,
857 3417 883 3459 et
900 3425 1004 3457 reorum
1023 3409 1120 3457 erinscn
1165 3442 1168 3447 -

42 3481 61 3520 el
70 3475 188 3542 judicum.
225 3481 363 3533 Paradox.
380 3483 416 3532 2:
447 3481 615 3546 Qseoeurseque
631 3479 796 3548 adspexisti,
823 3487 855 3528 ut
869 3478 977 3547 sitriae,
1003 3479 1041 3534 sie
1058 3485 1119 3526 tuae

42 3543 81 3592 tibi
99 3560 233 3599 occurrunt
251 3551 374 3620 injuriae.
411 3571 438 3620 p.
460 3552 538 3602 domo
561 3551 615 3602 19:
653 3551 820 3616 Quocumque
843 3552 934 3606 veuit,
962 3547 1118 3615 repudiatus

41 3611 158 3671 discessit.
188 3619 552 3690 Subjdnctivus'inciderint,
573 3640 652 3690 quem
667 3621 754 3672 ceteri
768 3621 836 3670 libri
850 3619 999 3688 praebent.
1015 3619 1118 3684 legitur

41 3683 168 3754 infregm.
186 3709 226 3742 or.
244 3711 271 3760 p.
289 3694 396 3744 Seauro
415 3692 508 3760 §152
550 3691 671 3758 Undique
694 3691 758 3741 mibi
776 3691 945 3760 suppeditat,
981 3689 1051 3754 quod
1065 3705 1117 3756 pro

41 3751 72 3803 M.
89 3755 182 3810 Scauro
199 3761 302 3822 dicam,
319 3780 480 3829 quocumque
496 3780 549 3813 non
566 3763 644 3812 modo
658 3781 746 3825 reseres²
764 3781 853 3812 oerum
870 3762 950 3812 ctiam
965 3760 1035 3809 oeuli
1052 3760 1117 3808 iuci-

40 3821 120 3878 deriut.
140 3862 169 3870 -
188 3834 366 3903 Adjeetivum
381 3842 516 3898 ueterem„
532 3834 606 3901 quod
621 3833 683 3883 Erf.
700 3835 768 3883 Bar.
785 3850 845 3881 cum
862 3831 1002 3900 plerisque
1020 3827 1116 3896 Quint.

42 3897 164 3951 codicibus
188 3905 332 3963 omittunt,
370 3905 490 3955 retinent
514 3923 573 3956 eum
600 3905 699 3955 ceteris
724 3903 803 3952 libris
829 3903 978 3952 Diomedes
996 3899 1015 3950 l.
1040 3917 1063 3950 e.
1089 3907 1117 3952 et

41 3961 324 4042 lsidor.0rig.1119
345 3982 414 4030 extr.
450 3976 496 4044 qui
520 3993 580 4026 cum
606 3975 741 4024 Diomede
766 3991 830 4040 pag.
855 3970 932 4031 460,
960 3971 1022 4020 Eri.
1045 3972 1115 4022 Bar.

41 4033 113 4087 dnh.
133 4041 208 4095 Parr.
225 4045 250 4095 1.
269 4045 298 4096 4.
314 4045 342 4096 8,
358 4046 387 4099 9.
411 4046 481 4102 Ven.
502 4045 582 4096 1499
603 4045 632 4096 in
649 4063 736 4111 marg.
749 4042 916 4094 melioribus
935 4041 1023 4109 Luqqg.
1037 4039 1116 4115 Ι041,

43 4111 63 4152 tt
79 4111 191 4164 omnibus
207 4117 266 4167 iere
286 4115 381 4183 Quint.
398 4118 478 4170 codd.
497 4117 636 4182 requirunt
651 4121 750 4166 servat.
772 4113 918 4166 Omittitur
932 4112 983 4164 boc
1000 4112 1114 4164 verbum

43 4173 149 4231 inpare.
166 4184 193 4236 9.
211 4185 238 4236 ὅ.
255 4183 282 4236 6.
302 4187 329 4236 7.
346 4188 447 4238 relicto
462 4195 551 4239 tamen
567 4189 656 4255 spatio
673 4202 770 4242 vocuo,
788 4186 817 4234 in
833 4202 886 4252 quo
905 4183 938 4234 ab
956 4185 1010 4234 ulio
1023 4199 1112 4240 manu,

43 4247 77 4292 sel
98 4253 171 4304 etiem
198 4258 231 4305 nd
253 4275 338 4323 marg.
360 4259 485 4325 glossae:
518 4260 622 4307 minime
639 4255 752 4314 uident,
779 4255 933 4305 desiderant
955 4254 1111 4319 adscriptae

44 4325 99 4368 s¹¹¹¹l.
132 4324 295 4378 (iuratonius
313 4330 408 4379 laudat
425 4327 485 4384 cic.
508 4330 534 4378 in
552 4328 607 4378 Pis.
630 4327 681 4378 19:
718 4327 805 4388 Οιιιιηι
828 4333 983 4394 experrecta
1007 4322 1113 4373 tandem
1171 4369 1175 4378 ,

44 4384 112 4440 virtus
132 4395 271 4450 clarissimi
294 4401 349 4450 oiri
372 4400 495 4450 celeriter
521 4405 545 4448 et
571 4401 657 4448 virum
679 4399 808 4454 amicum,
835 4405 861 4446 et
881 4397 976 4466 optime
993 4394 1113 4444 urseritnm
1189 4419 1192 4426 ⁴
