2782 5022
321 413 823 472 erosnonrarmars.
881 413 883 418 ·
968 447 971 456 -
1040 415 1123 494 265

45 579 152 642 iudicio
174 602 244 642 eum
263 581 303 643 in.
320 581 437 644 civium
455 583 672 646 Romanorum
692 585 762 645 iure
786 599 859 644 essc'
878 589 1060 656 versatum,
1091 591 1124 645 et

45 673 257 725 testamentum
277 688 374 747 saepe
395 667 475 727 fecit
497 669 618 728 nostris
638 668 785 748 legibus,
809 676 842 726 et
861 667 942 726 adiit
960 666 1125 726 heredita·

46 755 86 808 tes
105 741 214 807 civium
233 749 466 823 Romanorum,
499 761 531 810 et
553 753 587 810 in
606 751 774 810 benefieiis
795 751 835 810 ad
856 749 1012 810 aerarium
1036 749 1124 808 dela·
1168 753 1172 758 '
1210 753 1215 772 ⁸

46 840 88 890 tus
106 839 153 890 est
169 855 185 891 a
200 832 237 890 L.
253 832 392 893 Iauoullo
415 841 565 914 praetore
587 843 619 894 et
638 834 787 896 consule.
1190 841 1192 847 ’

97 914 168 973 Gar.
190 915 250 974 vl.
295 916 423 992 Quaere
443 927 650 998 argumenta,
681 919 711 978 si
734 939 797 1000 qua
816 925 921 996 potes.
954 936 1124 999 numquam

15 1021 28 1052 ,·
47 997 116 1056 euim
134 995 184 1058 hic
203 1019 310 1080 neque
332 1020 411 1070 suo;
433 1022 539 1084 neque
559 999 731 1074 amicorum
747 1000 870 1060 iudicio
887 993 1083 1060 revincetur.

15 1115 17 1117 -
96 1079 236 1154 Quaeres
263 1083 414 1154 euobis,
438 1083 608 1157 Graeche,
641 1106 698 1144 eur
716 1092 887 1163 tantopere
907 1084 968 1143 hoe
994 1082 1174 1145 bominem

47 1161 236 1224 delectemur.
282 1165 368 1240 Quia
385 1167 575 1247 suppeditat
593 1168 707 1240 nohis,
737 1167 792 1226 uhi
811 1173 844 1227 et
869 1167 990 1226 animus
1008 1187 1047 1224 ex
1062 1165 1125 1225 boc

46 1246 150 1306 lorensi
170 1247 311 1328 strepit'u
331 1250 517 1324 reficietur,
542 1259 574 1311 et
592 1272 686 1310 aures
709 1249 858 1310 convicio
879 1250 1029 1310 defessae
1050 1269 1127 1308 eon-

690 1391 779 1398 ,,-.
786 1387 1020 1398 -———-0-
1026 1386 1126 1400 „un—u-

87 1483 263 1528 testamentum
280 1507 312 1518 -
329 1487 412 1530 nostr.
432 1480 483 1550 leq.
520 1481 613 1534 Latini
630 1481 744 1536 duuiani
763 1487 790 1532 et
807 1481 950 1550 peregrini
972 1497 1023 1532 nee
1043 1483 1128 1530 testa·

47 1553 144 1598 mentum
169 1549 280 1616 legibus
301 1549 430 1602 Romanis
454 1554 565 1613 facere,
593 1572 643 1604 nee
661 1549 845 1616 hereditatem
863 1554 1009 1620 legataque
1029 1552 1128 1602 civium

48 1617 213 1669 homanorum
229 1637 262 1669 ex
279 1626 441 1673 testamento
457 1642 556 1691 capere
570 1631 708 1692 poterant.
735 1623 883 1690 Peregrini
897 1624 1006 1690 quidem
1019 1622 1127 1673 ratione

49 1689 108 1739 cirili
123 1689 277 1758 prohibiti,
298 1691 390 1743 Latini
407 1711 472 1744 vero
488 1697 646 1745 norninatim
665 1695 728 1762 lege
747 1695 849 1753 Juuia,
874 1712 925 1762 per
945 1711 1024 1760 quum
1040 1693 1127 1748 iiber-

50 1765 116 1809 tatem
128 1768 305 1830 acceperuut,
326 1781 385 1814 cum
402 1765 466 1814 olim
482 1767 555 1816 serui
569 1766 730 1817 viderentur
748 1784 816 1815 esse.
855 1765 914 1815 Sed
930 1770 1019 1814 tamen
1031 1764 1127 1813 adver-

15 1841 17 1844 ·
52 1845 83 1878 sus
95 1831 120 1897 [i.
138 1850 160 1881 e.
177 1833 344 1896 secundum,
364 1836 429 1903 Ulp.
448 1835 483 1885 fr.
495 1835 558 1890 28.
579 1837 594 1888 i
614 1843 640 1888 ct
658 1835 784 1903 lilleges
801 1837 920 1887 civitatis
937 1853 1000 1884 suae
1020 1834 1128 1893 testari,
1196 1864 1201 1872 ·

17 1913 18 1918 ’
55 1902 380 1972 elperfideieommissum
397 1906 565 1958 hereditates
587 1907 733 1974 legataque
753 1912 1007 1974 caperepoterant.
1043 1904 1156 1955 Prae-r

16 1991 17 1994 ¹
56 1975 109 2022 toa
127 1975 291 2040 permissum
317 1982 377 2026 erat
397 1977 547 2038 militibus,
577 1984 604 2029 et
622 1979 787 2046 peregrinos
805 1983 832 2028 et
850 1977 963 2026 Latinos
983 1976 1128 2040 instituere

57 2037 159 2103 heredes,
189 2045 236 2096 vel
255 2045 289 2094 iis
305 2048 410 2114 legare.
429 2048 526 2100 Verba
542 2049 673 2100 cretionis
688 2048 850 2099 dicebantur
867 2045 986 2098 adhunc
1002 2047 1128 2096 modum:

60 2107 103 2161 Cau
120 2133 156 2164 nro
176 2116 304 2168 Maevius
328 2117 447 2169 heredem
472 2121 605 2178 instituit,
641 2138 698 2170 earn
714 2119 890 2169 hereditatem
906 2117 972 2167 adeo
991 2133 1128 2182 cereoque.
1224 2153 1227 2158 .

57 2180 101 2250 Ulp-
122 2186 233 2253 Fragm.
261 2186 318 2258 20,
349 2187 387 2239 10
415 2195 483 2242 extr.
513 2197 540 2242 et
566 2189 623 2251 22,
650 2189 698 2242 28.
736 2189 801 2240 Gaii
829 2189 922 2240 Iustit.
941 2189 983 2240 II.
1009 2184 1128 2256 5110.

53 2250 158 2320 1594.
178 2255 302 2309 futili.
322 2257 379 2318 28,
401 2259 427 2308 l.
690 2300 694 2304 .
813 2291 815 2297 -

90 2327 269 2398 inbeneficiis.
306 2329 490 2382 Proconsules
514 2335 542 2383 et
559 2336 773 2399 propraetores,
807 2348 840 2380 ex
863 2327 1012 2397 provinciis
1036 2343 1130 2378 rever·

52 2408 99 2454 sos,
125 2404 152 2448 et
175 2399 300 2448 rationes
327 2401 455 2460 referre,
485 2408 512 2453 et
533 2403 674 2460 tribunos,
707 2400 885 2468 praefectos,
915 2399 1037 2466 aliosque
1056 2397 1131 2447 bene

50 2467 145 2518 meritos
164 2470 200 2518 ad
217 2471 356 2520 aerarium
376 2473 487 2523 deferre
508 2478 585 2522 certo
609 2477 733 2539 tempore
758 2471 902 2534 debuisse,
931 2472 1032 2520 docent
1045 2469 1133 2520 verba

50 2531 97 2586 Cic.
113 2541 146 2588 ad
162 2540 240 2590 Fam.
255 2541 282 2589 V
300 2540 341 2591 20
354 2561 416 2610 pag.
435 2543 475 2593 74
491 2539 575 2592 Gema
605 2541 683 2603 Quod
700 2543 796 2592 scribis
811 2541 844 2590 de
863 2541 1011 2610 benefieiis,
1030 2541 1097 2590 seito
1115 2554 1132 2587 a

49 2621 78 2654 uae
97 2616 120 2656 et
134 2611 256 2661 tribunos
272 2612 404 2662 militares
425 2620 451 2663 et
470 2613 623 2682 praelietur
639 2619 665 2662 et
684 2611 885 2662 contubernales
902 2611 1045 2666 dumtaxat
1064 2626 1132 2660 meos

48 2675 136 2730 delatos
154 2698 218 2733 esse.
241 2709 272 2723 «-
312 2680 420 2733 Certior
443 2703 499 2734 sum
519 2683 626 2752 faetus,
655 2684 768 2754 triginta
794 2683 886 2732 diebus
908 2681 1009 2748 deferri
1030 2697 1133 2730 neeesse

49 2763 108 2806 erse,
134 2753 229 2817 quibus
254 2754 372 2804 rationes
398 2755 554 2806 retulissem.
590 2758 658 2822 alp.
674 2755 766 2804 Balbo
783 2753 822 2804 28
839 2772 882 2822 pr.
919 2753 999 2802 Hanc
1024 2752 1134 2820 quidem

50 2817 137 2872 delatio
158 2840 199 2872 em
217 2821 376 2876 Gronovius
395 2827 428 2876 de
445 2825 649 2878 Sestertiislll
661 2825 698 2875 1⁷
714 2843 778 2894 pag.
798 2824 858 2875 255
882 2841 985 2873 merum
1001 2819 1133 2871 honorem

36 2895 71 2937 ‘et
79 2839 333 2945 comrheudationem
341 2897 415 2965 apud
423 2899 554 2965 populum
564 2897 599 2948 R.
614 2897 699 2946 fuisse
711 2901 813 2954 censet,
833 2894 1006 2964 profuturam
1021 2891 1078 2942 illis
1088 2891 1133 2941 vel

49 2959 77 3006 ad
91 2964 190 3032 majora
210 2965 393 3018 emolumenta
412 2969 445 3018 ab
463 2986 522 3036 rep.
542 2968 748 3035 consequenda,
767 2967 812 3018 vel
828 2966 863 3016 ad
877 2964 1020 3033 pericula,
1040 2963 1134 3028 siqua

49 3033 202 3085 exstitissent
219 3036 404 3105 sublevanda,
438 3044 575 3106 tamquam
595 3039 660 3088 olim
686 3038 800 3088 meritis.
843 3035 991 3086 Aerarium
1014 3032 1134 3101 populus

48 3097 77 3148 R.
92 3104 117 3150 iu
132 3106 198 3156 aede
218 3106 332 3176 Saturni
350 3115 431 3178 atque
447 3109 516 3178 Opis
531 3109 644 3167 babuit,
663 3110 691 3157 in
703 3111 761 3175 'qua
778 3108 858 3158 etiam
876 3106 987 3157 tabulae
1003 3103 1133 3171 publicae

49 3175 226 3288 artabantur.
262 3195 286 3228 v.
303 3176 374 3230 Phil.
393 3180 410 3229 Ι
427 3179 453 3232 7.
479 3179 539 3233 Liv.
556 3179 688 3230 XXXIX
702 3177 731 3230 4.
751 3177 818 3228 Tae.
833 3177 883 3228 111
899 3174 948 3227 51.
971 3175 1046 3224 Fest.
1065 3173 1133 3224 inv.
1226 3223 1227 3226 ,

72 3246 155 3295 erarii.
694 3241 697 3258 ”

92 3313 139 3362 VI'.
160 3311 252 3383 512.
292 3318 418 3380 Quaaeres.
455 3319 503 3368 Ad
522 3318 637 3369 alteram
654 3318 733 3388 hujus
757 3315 890 3368 orationis
907 3320 1015 3385 partem
1031 3312 1135 3363 referri

49 3393 149 3447 possunt
163 3387 250 3438 verbu
268 3387 435 3455 Quintiliani
449 3389 499 3439 ΙΙΙ
519 3388 576 3448 ll,
596 3388 652 3440 25:
694 3387 749 3438 Sed
763 3391 818 3438 'nou
830 3393 959 3457 perpetuo
977 3383 1135 3436 intendimus

50 3451 72 3499 io
87 3454 146 3506 iaec
164 3457 250 3526 [quae
269 3460 297 3508 in
315 3461 523 3512 eorrtrooersiam
539 3458 668 3526 veniunt]
687 3461 816 3517 oninium,
842 3465 869 3508 et
883 3456 1030 3527 eupiditate
1046 3453 1135 3505 laudis

50 3529 166 3592 uteunque
180 3529 363 3594 adquirendae
379 3531 423 3581 vei
439 3529 544 3581 dicendi
561 3531 699 3598 voluptate
718 3535 878 3600 evagantem·
905 3527 1011 3595 quando
1028 3525 1136 3576 uberior

50 3609 139 3662 seruper
161 3606 241 3648 extro
268 3617 375 3650 curuans
396 3603 509 3651 materia
532 3609 589 3658 est,
618 3603 682 3667 quia
706 3602 734 3651 in
753 3601 934 3651 conhooersia
949 3615 1039 3669 pauco
1057 3603 1135 3652 sunt,

50 3672 119 3714 extra
137 3671 232 3720 omnia.
268 3671 417 3722 Lambinus
438 3673 524 3724 edidit
543 3674 668 3740 quaeris,
686 3673 759 3740 quod
777 3673 805 3721 in
823 3670 958 3738 Archiep.
978 3676 1006 3722 et
1023 3666 1087 3718 Par.
1105 3664 1135 3726 8,

52 3736 91 3799 qui
108 3742 269 3792 recentioris
286 3745 349 3795 aevi
368 3739 444 3802 sunt,
465 3741 578 3811 legitur.
617 3743 677 3794 Sed
694 3760 718 3794 v.
738 3739 922 3810 infra§.15.
1081 3797 1082 3802 ,
1227 3773 1231 3793 r
1304 3791 1309 3801 ,

52 3871 79 3921 a.
99 3811 417 3938 {titttlss‘tdi'mul
429 3815 483 3934 qr.
498 3812 593 3934 did}
611 3812 809 3935 ..iiidiliil
826 3809 1137 3951 titdffittttt

53 3949 208 4014 suppeditare
235 3955 304 4004 solet
332 3901 529 4006 iratartbmler
544 3957 630 4024 poetis
661 3986 692 3996 -
720 3902 867 4015 uairdiilern
894 3951 996 4022 copiam
1022 3948 1136 3999 dicendi.

54 4030 74 4064 v·
94 4026 146 4071 not.
172 4025 208 4074 ad
230 4024 264 4074 Π
289 4024 352 4078 cat.
378 4027 402 4094 5.
426 4025 466 4077 25
520 4027 556 4077 Iu
580 4025 672 4079 verbis
699 4027 827 4096 continuo
846 4041 923 4094 seqq.
949 4021 1138 4091 compendium

360 4103 412 4112 ...-

55 4111 198 4181 scripturae
221 4119 249 4170 iu
275 4138 343 4174 voce
368 4140 434 4179 aras,
463 4127 491 4172 et
518 4129 596 4174 vetus
615 4123 704 4173 forma
723 4122 821 4174 literae
839 4137 871 4178 s,
898 4135 978 4186 quam
1002 4115 1138 4185 praebent

55 4177 125 4262 Pyrr.
139 4190 233 4256 optimi
252 4190 270 4242 9
291 4199 318 4244 et
337 4193 374 4252 ὅ,
394 4193 529 4258 originem
548 4187 685 4244 dederunt
702 4193 802 4262 ineptis
821 4189 1005 4242 lectionibus:
1025 4187 1071 4236 ubi
1087 4192 1138 4234 ete-

56 4266 101 4302 mm
116 4255 157 4306 lex
172 4259 220 4310 hoe
239 4261 342 4332 [beo],
370 4264 411 4314 uti
429 4263 491 4320 Eat.
509 4263 573 4316 Pith
601 4263 675 4316 011.
693 4263 757 4316 Par.
775 4263 813 4321 6,
832 4260 894 4314 vel:
913 4259 959 4310 ubi
979 4258 1073 4307 etenim
1091 4257 1139 4320 (et)

57 4336 101 4370 vex
124 4326 169 4378 hoc
195 4330 280 4398 (dee),
308 4336 350 4388 ati
367 4333 467 4388 Fraus.
492 4335 573 4404 prim.
598 4335 706 4390 Dresd.
731 4335 811 4385 Parr.
836 4330 865 4384 d.
887 4329 915 4382 ⁷.
934 4328 953 4380 9
971 4345 1058 4396 mar&
1077 4325 1139 4378 Em·

58 4406 114 4459 prae
131 4415 158 4452 se
175 4401 274 4459 ferunt.
324 4473 328 4477 -
