2824 5018
297 371 379 450 455
588 363 1006 475 *enarro

365 534 500 588 luxurium
514 534 662 604 expetitam
675 550 745 595 esse,
763 533 813 586 aed
825 533 854 586 iu
864 500 979 586 militari
992 531 1089 586 labore
1102 538 1269 602 peragratam.
1282 534 1332 603 5.ll

364 606 448 676 Quod
464 621 530 656 sero
549 605 709 657 saltatorem
726 605 909 674 appellaverit
925 604 1067 657 lllnreuam
1084 601 1175 665 (lato,
1192 604 1219 654 id
1233 607 1333 657 conucirn

364 679 392 728 in
401 677 433 728 1..
443 675 575 728 Murenae
592 677 684 737 uitam,
704 676 733 726 in
747 693 800 746 qua
813 676 891 728 nulla
906 675 1015 728 luxuria
1027 675 1148 746 reperiri
1164 675 1251 744 possit,
1265 677 1331 727 minine

364 747 471 800 eadere.
509 747 531 815 5.
553 744 600 798 ll.

292 837 332 890 11.
371 832 527 886 Secundum
546 831 727 884 accusationis
755 834 837 898 caput
861 827 901 881 ita
927 827 1009 880 diluit
1036 835 1149 888 orator,
1184 834 1213 880 ut
1236 827 1333 885 oderint,

361 905 470 972 generis
495 920 618 969 magnam
643 901 671 950 in
691 909 812 968 utroque
835 918 892 952 esse
913 899 1091 968 dignitatem,
1118 899 1168 950 sed
1184 905 1263 951 tamen
1279 899 1335 948 Serri

361 973 481 1042 Sulpicii
506 972 678 1023 nobilitatem
704 971 856 1023 bominibus
883 970 1002 1038 literatis
1021 971 1158 1022 notiorem
1176 989 1246 1029 esse,
1270 968 1334 1036 pupule

361 1061 427 1097 vero
456 1041 653 1094 obscuriorem.
705 1039 803 1108 51⁷.
849 1039 1033 1109 Quaesturam
1064 1042 1206 1109 utriusque
1237 1055 1335 1108 propens-

360 1115 423 1164 dum
457 1115 518 1182 pari
543 1117 678 1164 momento
705 1113 788 1162 sortis
816 1111 909 1163 luisse.
953 1109 1044 1178 518.
1083 1108 1168 1178 Quod
1193 1128 1253 1162 veru
1273 1108 1335 1174 reliqui

358 1185 490 1253 temporis
510 1184 627 1253 spatium
645 1181 777 1242 attineat,
797 1181 830 1236 ab
849 1189 966 1249 utroque
987 1181 1170 1240 dissimillima
1187 1181 1280 1231 ratione
1294 1185 1334 1228 tru-

360 1262 463 1307 tatum:
482 1255 518 1306 ad
534 1253 702 1304 corrsulatum
719 1251 925 1320 adipiscendum
937 1251 1024 1302 multo
1042 1252 1105 1318 plus
1123 1251 1222 1302 afferre
1240 1248 1336 1316 dignitati

319 1372 324 1396 ‚
357 1327 401 1378 rei
418 1325 562 1384 militaris,
582 1341 664 1394 quarn
680 1329 788 1374 secutus
799 1323 848 1390 ὀἰῐΙ
861 1323 987 1382 Murena,
1007 1339 1085 1390 quam
1100 1323 1173 1392 juria
1193 1321 1272 1374 civilis
1286 1319 1337 1368 scien

343 1399 430 1459 ¹tium.
451 1395 464 1463 5
482 1393 538 1450 ,aa
564 1393 661 1462 Neque
680 1394 767 1444 solurn
780 1391 857 1444 illam
878 1393 995 1461 gloriam
1013 1392 1170 1459 militarem,
1189 1407 1274 1444 reruu
1290 1387 1339 1439 ctisu

358 1467 468 1520 dicendi
498 1464 720 1536 cousuetudiqenr
750 1463 863 1514 multam
892 1464 940 1514 isti
968 1462 1161 1514 exercitationi
1188 1462 1222 1517 ad
1249 1459 1339 1510 bonores

357 1535 536 1588 arrteeellere.
572 1535 596 1602 5.
614 1533 661 1585 50.
679 1533 790 1588 „Simul
808 1533 914 1585 refutat
934 1533 1087 1593 Catonern,
1116 1533 1163 1601 qui
1188 1531 1281 1586 bellum
1297 1527 1339 1578 illud

356 1623 434 1658 omne
461 1603 680 1656 Mithridaticum
707 1621 768 1656 eum
793 1601 963 1656 mulierculis
991 1621 1050 1658 csse
1075 1610 1212 1670 gesturus
1233 1601 1338 1672 objecerat

357 1677 380 1746 5.
409 1671 459 1727 55.
507 1672 590 1742 Quod
621 1671 762 1742 Sulpicius
792 1681 940 1744 praeterea
973 1671 1132 1744 objecerat,
1166 1691 1196 1724 se
1221 1673 1247 1724 iu
1268 1676 1339 1738 praetr·

299 1805 302 1810 ,
355 1765 403 1811 rae
422 1745 559 1816 petitione,
574 1747 697 1816 priorem
715 1745 900 1802 renuntiatum
919 1762 992 1796 essee
1028 1743 1130 1810 Cicero
1150 1745 1311 1798 demonstrat,
1323 1754 1340 1787 u

356 1835 388 1868 eo
407 1835 460 1868 nun
480 1809 575 1884 sequi,
601 1823 631 1868 ut
658 1833 737 1884 quem
762 1817 852 1866 locum
876 1814 1106 1887 populassemel
1130 1813 1242 1864 honoris
1264 1810 1340 1878 cuipter

316 1889 318 1894 '
355 1887 483 1946 dederit,
504 1887 618 1938 eundem
634 1887 750 1954 reliquis
768 1879 919 1956 hunoribiqs
938 1885 1056 1946 debcat3
1076 1883 1144 1934 nibil
1165 1886 1234 1936 cuim
1250 1879 1340 1932 incertia

353 1959 461 2010 ratione
487 1963 545 2008 tots
571 1958 743 2007 comitiorum
769 1974 836 2007 esse.
863 1956 886 2024 5.
905 1953 954 2011 56.
989 1948 1050 2005 'Sed
1066 1947 1174 2016 tamen,
1203 1947 1226 2006 si
1242 1949 1342 2004 reddenda

353 2029 426 2080 ratio
447 2028 497 2091 sit,
520 2027 586 2076 duas'
605 2044 650 2094 res
668 2027 696 2076 in
715 2033 847 2094 praetura
867 2026 1055 2084 desideratas,
1069 2025 1111 2074 in
1130 2026 1268 2076 consulatu
1282 2021 1342 2070 llurc·

352 2117 403 2150 nae
423 2097 575 2167 profuisse:
594 2105 655 2145 trum
675 2101 703 2145 et
723 2091 873 2146 exercitari
891 2095 923 2146 1..
943 2095 1071 2154 Luculli,
1091 2113 1171 2163 quem
1189 2091 1290 2149 virtutis
1303 2104 1341 2140 sare

353 2177 451 2223 testem
469 2167 606 2238 lrabueritj
626 2166 654 2216 in
673 2165 791 2216 comitiis
811 2167 898 2215 eidem
916 2172 1028 2232 praesto
1047 2165 1145 2219 luisses
1167 2175 1195 2220 ct
1211 2165 1283 2216 ludos
1298 2175 1342 2224 usq·

353 2239 589 2296 affluentissimus,
608 2237 636 2286 in
655 2241 787 2303 praetura
806 2253 821 2285 a
839 2235 956 2286 Murena
975 2235 1069 2296 datos,
1089 2235 1234 2306 Sulpicio,
1252 2234 1292 2302 qui
1305 2245 1342 2280 cul

349 2307 445 2382 nullos
459 2309 570 2366 lecerit,
589 2317 756 2374 magnopere
773 2306 931 2358 aduersatos
944 2323 1011 2356 esse.
1038 2305 1059 2373 5.
1080 2305 1130 2359 40.
1166 2307 1202 2356 In
1219 2307 1273 2378 ipsa
1287 2307 1344 2353 autea

353 2386 486 2448 praetura
511 2379 625 2428 inultum
649 2377 721 2428 inter
740 2376 861 2444 Sulpicii
888 2379 915 2426 et
932 2376 1065 2429 Murenae
1090 2382 1194 2428 sortem
1211 2370 1343 2442 interluitur.

355 2448 379 2517 5.
399 2448 448 2500 41.
484 2445 629 2498 Postremo
648 2447 803 2515 Sulpicium
820 2448 848 2497 in
866 2447 1038 2514 prouinciam
1055 2448 1098 2498 ire
1116 2447 1251 2500 uoluisse:
1270 2445 1295 2494 l..
1309 2441 1343 2490 llu-

331 2515 438 2592 '‘renae
466 2524 555 2569 autem
580 2517 753 2586 provinciam
775 2517 875 2569 multas
899 2517 984 2568 bonas
1004 2519 1108 2588 gratius
1127 2536 1191 2570 eum
1210 2519 1299 2589 optimu
1313 2511 1343 2562 eri·

304 2633 305 2637 ,
356 2589 510 2660 stimutione
538 2589 670 2638 attulisse.
709 2587 731 2656 5.
759 2583 808 2638 di.
854 2587 940 2639 Hisce
961 2589 1110 2657 expositis,
1139 2587 1242 2641 Cicero
1260 2585 1344 2654 apertu

316 2667 320 2674 “
345 2659 441 2718 ''dicit‚
468 2659 496 2726 in
523 2676 575 2725 quo
600 2658 717 2709 inferior
742 2657 828 2709 fuerit
847 2657 877 2711 S.
897 2657 1044 2726 Sulpicius.
1089 2659 1213 2712 Primam
1239 2648 1344 2708 accusandi

355 2737 481 2782 terrores
501 2735 530 2796 et¹
546 2727 646 2785 minas,
678 2728 775 2796 quibus
804 2728 926 2796 quotidie
954 2729 995 2779 uti
1013 2729 1111 2780 solitus
1131 2731 1186 2788 sit,
1213 2720 1344 2797 populiupl·

356 2802 465 2852 niouem
484 2817 500 2848 a
519 2817 565 2867 spe
586 2797 756 2866 adipiscendi
774 2805 918 2856 avertere,
947 2799 1095 2850 amicorum
1117 2801 1210 2850 studia
1228 2795 1344 2848 debilitare,

356 2873 498 2940 ipsumque
518 2869 691 2920 candidatum
710 2863 874 2938 impedire.'
891 2865 1032 2937 qu'omiuns
1053 2867 1158 2920 omnem
1184 2885 1271 2920 curam
1287 2867 1307 2915 is
1319 2877 1345 2930 pt

345 2943 452 2994 ‘titione
468 2941 556 3008 possit
574 2937 698 3008 ponere?
709 2941 732 3010 5.
751 2937 805 2991 46:
837 2939 944 2992 Deinde
964 2941 1132 2994 severiorem
1150 2939 1265 2990 ambitus
1280 2937 1344 3001 leger.

310 3012 321 3024 '¹
356 3011 519 3082 ansulpiei'o
541 3009 730 3078 efflagitatam,
762 3011 890 3079 petitioni
918 3010 1091 3063 vehementer
1120 3011 1283 3078 refragatum
1305 3017 1344 3055 eut·

357 3085 380 3153 5.
398 3079 448 3134 47.
484 3081 630 3132 Maximam
655 3099 721 3132 veno
749 3081 877 3149 petitioni
903 3081 1013 3151 plagam
1039 3081 1171 3132 in'ectam
1199 3095 1272 3138 esse,
1301 3069 1345 3141 quel

352 3153 489 3224 'populum
507 3151 541 3204 R.
561 3149 589 3202 in
603 3159 703 3204 ructum
719 3152 873 3212 adduxerit,
892 3168 925 3202 ne
940 3152 1035 3204 consul
1051 3102 1176 3202 (latilina
1190 3151 1274 3203 lieret.
1290 3148 1307 3214 5
1318 3140 1344 3191 55·

288 3240 346 3310 111.
383 3235 418 3286 In
437 3239 515 3288 tertio
532 3235 731 3306 Cosssutationis
750 3237 809 3288 loeo
827 3238 859 3288 dc
877 3239 989 3288 ambitus
1009 3238 1163 3290 criminibus
1184 3234 1345 3291 oratorPostr·

356 3308 409 3358 ruio
429 3308 463 3358 de
483 3307 635 3370 diuisurum,
648 3308 757 3360 indiciis
776 3310 856 3360 etde
876 3307 1052 3376 deprehensis
1069 3311 1206 3378 pecuniis,
1226 3309 1296 3360 Seru.
1308 3298 1346 3350 8¹¹¹·

357 3377 432 3447 pieio
461 3377 630 3448 asiolescenti
659 3380 695 3438 de
722 3379 843 3447 equiturn
867 3380 1016 3440 centuriis,
1049 3379 1088 3432 Μ.
1114 3379 1216 3432 Catoni
1241 3379 1271 3428 de
1291 3371 1346 3444 ipsiu

358 3448 549 3507 accusatione,
569 3449 602 3500 cle
622 3450 875 3518 senatusconsulto,
889 3451 929 3502 dc
947 3468 1007 3519 rep.
1028 3452 1187 3521 respondet.
1224 3448 1277 3500 Sed
1291 3455 1346 3514 pinu

356 3519 436 3590 prius
456 3517 489 3568 de
508 3517 540 3568 L.
559 3517 691 3570 llIurenae
710 3521 821 3572 lectuna
841 3520 1038 3588 cpuqueritur,
1065 3521 1112 3588 qui
1128 3525 1247 3590 propter
1263 3513 1346 3568 stude

331 3643 335 3650 ,
358 3606 445 3640 novae
465 3588 658 3660 ΙεῃιιιίἰειιῄίαιιιΙ
676 3590 703 3640 in
729 3589 831 3644 veteris
858 3589 986 3642 fortunae
1012 3591 1160 3642 discrimen
1180 3581 1345 3640 adcucurrit·

359 3677 460 3726 eosque
480 3666 654 3724 accusatores
672 3659 789 3724 lrabeat,
810 3661 855 3727 qui
873 3677 927 3711 uon
947 3660 1010 3710 odio
1029 3657 1283 3722 inimicitiarumad
1297 3665 1340 3703 scu

323 3787 326 3796 y
358 3732 487 3789 candum,
508 3729 558 3789 sed
569 3731 665 3790 'studio
685 3731 831 3782 accusandi
849 3731 885 3783 ad
900 3729 1057 3788 inimicitias
1077 3729 1274 3782 descenderint.
1289 3723 1307 3791 5
1318 3713 1345 3767 5⁷·

358 3799 559 3864 Desiderantur
578 3818 625 3860 ea,
645 3802 742 3869 quibus
761 3801 894 3854 Postumii
913 3800 1027 3855 crimina
1045 3809 1073 3854 et
1091 3802 1186 3853 Servii
1205 3787 1346 3866 adolescent}

360 3872 481 3922 refutatu
499 3878 568 3940 suntr
607 3871 743 3940 Superest
760 3878 865 3940 tantum
886 3889 918 3921 ea
934 3889 1011 3940 pars,
1029 3890 1083 3940 qua
1101 3871 1138 3923 M.
1160 3869 1271 3924 Catonis
1289 3863 1344 3916 criu·

358 3941 433 3990 natio
454 3944 635 4010 confutatum,
655 3943 689 3992 ln
707 3941 758 3995 hoe
773 3943 1067 4009 'quidcmlaceusatore
1088 3948 1183 4001 orator
1204 3940 1306 4010 primum
1319 3929 1344 3976 dt

359 4018 499 4078 precatur,
523 4031 557 4062 nc
578 4013 635 4062 e'us
655 4012 804 4063 auctoritas
824 4013 1047 4082 exspectatioque
1069 4004 1284 4072 tribunatusque
1300 4004 1344 4052 [⁰¹¹⁶

359 4088 466 4132 noceat.
486 4079 565 4152 559.
586 4145 587 4152 ¹
615 4081 704 4152 einde,
721 4083 957 4134 laudata'Catonis
976 4083 1088 4142 uirtute,
1109 4084 1250 4134 electrinas
1266 4075 1343 4146 stoierf·

256 4205 258 4210 .
326 4151 406 4202 '¹'eui
425 4169 453 4200 se
473 4145 645 4213 addixerut'‚''
660 4159 811 4222 praecepta
828 4154 918 4205 lucete
937 4153 1019 4204 ridet.
1054 4150 1078 4221 5.
1097 4148 1144 4205 66.
1183 4148 1296 4218 lienique
1314 4155 1343 4188 “l

359 4221 475 4272 minibus
501 4224 568 4290 ipsis
598 4225 776 4291 congreditur
796 4241 855 4274 cum
873 4222 912 4274 at.
933 4221 1056 4283 Catone,
1083 4223 1235 4290 docetque,
1259 4218 1343 4281 senatu

348 4291 511 4343 consultum
529 4293 618 4354 illud,
636 4296 660 4344 si
679 4292 793 4345 mercede
812 4295 931 4362 corrupti
945 4296 1053 4345 obuiam
1071 4289 1342 4344 radiantissimus·

309 4396 311 4405 ·
356 4361 481 4416 aeuus
504 4371 685 4437 sectarentur,
718 4365 743 4418 si
766 4355 964 4438 gladiatoribus
978 4351 1070 4438 ’oul‘go
1097 4363 1173 4416 locun
1195 4358 1311 4414 tributio,
1327 4347 1342 4394 ‘²
