2766 5018
294 318 388 374 nno
413 316 546 378 neon
570 316 832 378 nnrorsao.
1025 325 1105 406 461

10 510 47 550 uc
79 487 145 548 tibi
177 485 278 548 illurn
306 507 501 550 succensere
532 487 657 570 aliquid
677 487 855 569 suspicere.
908 490 995 573 qnod
1017 489 1110 554 abest

11 571 230 653 longissime,
263 569 481 644 mihicrede,
515 570 653 645 Caesar,
684 571 763 655 quid
785 572 868 632 enim
888 573 1030 633 retineat
1051 595 1110 656 per

9 663 60 728 tc,
83 654 259 727 meminit,
291 675 356 714 non
379 654 457 737 quid
479 654 640 716 amiserit:
663 665 767 737 neque
791 676 825 715 se
848 662 920 715 ate
942 655 1110 718 multatum

10 738 212 810 arbitratus-3
245 738 322 810 scd,
342 758 426 796 *cum
449 732 668 811 existimaret,
701 738 809 799 multis
831 737 894 798 tibi
914 739 1015 799 multa
1038 761 1110 800 csse

10 821 186 880 tribuenda
196 862 208 892 ,
244 840 306 906 quo
334 821 438 880 minus
470 844 488 880 a
509 841 566 893 se,
599 820 654 902 qui
675 819 710 879 in
732 820 834 881 altera
854 828 947 902 parte
972 822 1110 895 fuisset,

11 925 45 962 ea
67 923 234 973 sumeres,
258 918 324 962 non
344 904 519 968 recusavit.
561 903 689 962 Etenim
712 903 747 962 si>
762 903 944 964 Antiochus
969 905 1108 984 Magnus
1118 922 1159 978 56

11 985 85 1058 ille,
113 1005 177 1045 rex
208 984 332 1058 Asiae,
365 1005 456 1058 cum,
488 992 699 1067 posteaquam
721 1009 739 1046 a
761 986 914 1066 Scipione
938 987 1110 1062 devictus,

11 1068 114 1128 Tauro
130 1077 238 1130 tenus
261 1087 395 1152 regnare
417 1068 523 1128 iussus
546 1076 646 1141 esset,
668 1089 855 1152 omnemque
877 1070 960 1130 banc
981 1071 1110 1144 Asiam,
1197 1137 1200 1141 ,

13 1172 89 1233 quac
121 1157 176 1212 est
208 1171 299 1210 nunc
329 1157 439 1211 nostra
459 1151 660 1230 provincia,
702 1152 884 1226 emisisset,
915 1153 1026 1213 dicere
1059 1160 1111 1214 cst

13 1233 146 1306 solitus,
172 1231 321 1312 benigne
344 1232 406 1294 sibi
424 1255 442 1293 a
462 1231 582 1314 populo
605 1233 749 1296 Romano
772 1255 844 1312 esse
858 1236 998 1308 ¹iactum,
1021 1236 1111 1320 quod

13 1315 101 1376 nimis
116 1337 242 1396 magna
256 1315 485 1395 procuratione
500 1315 670 1390 liberatus,
693 1317 827 1378 modicis
849 1315 942 1398 regni
963 1318 1109 1378 terminis

15 1407 177 1460 uteretur:
223 1405 339 1479 potest
369 1397 469 1459 multo
507 1398 636 1460 facilius
668 1421 703 1460 se
731 1399 905 1461 Deiotarus
938 1401 1110 1462 consolari.

15 1479 73 1539 lllc
95 1482 182 1541 eninr
208 1481 331 1543 furoris
352 1481 483 1542 multam
505 1483 723 1557 sustinuerat,
745 1482 799 1543 hic
822 1483 951 1544 erroris.
994 1482 1111 1544 Omnia

15 1571 47 1622 tu
65 1563 257 1636 Deiotaro,
280 1564 414 1634 Caesar,
436 1564 592 1638 tribuisti,
616 1587 687 1625 cnm
709 1574 742 1625 et
763 1566 829 1647 ipsi
851 1574 884 1626 et
904 1565 971 1626 lilio
994 1586 1111 1627 nomen

10 1647 132 1726 regium
156 1647 370 1708 concessisti.
401 1646 463 1707 hoc
485 1648 612 1708 nomine
634 1655 762 1708 retento
787 1655 883 1730 atque
907 1655 1110 1726 consecrato,

16 1728 132 1790 nullum
154 1721 354 1790 beneficium
374 1728 488 1809 populi
508 1729 662 1801 Romani,
690 1729 813 1790 nullum
834 1730 990 1792 iudicium
1013 1733 1052 1790 de
1076 1753 1111 1792 se

16 1820 140 1873 senatus
176 1811 382 1872 imminutum
413 1819 514 1891 putat.
556 1831 669 1890 magno
700 1811 804 1871 animo
837 1820 871 1873 ct
903 1821 1012 1874 erecto
1042 1819 1125 1888 est,

17 1913 71 1953 nec
105 1909 273 1978 umquam*
306 1893 494 1955 succumbet
523 1893 681 1966 inimicis,
718 1915 759 1954 ne
792 1894 939 1956 fortunae
971 1895 1110 1978 quidem.

20 1975 119 2037 Multa
141 1999 179 2038 se
205 1975 384 2038 arbitratur
406 1983 439 2036 et
459 1976 627 2057 peperisse
650 1977 844 2049 antefactis,
878 1986 911 2038 et
932 1977 1051 2038 habere
1072 1979 1109 2038 in
1118 1995 1159 2049 57

24 2059 118 2120 animo
151 2066 258 2144 atque
286 2059 429 2130 virtute,
460 2081 540 2140 quae
570 2057 659 2118 nullo
690 2058 784 2119 modo
816 2060 922 2139 possit
952 2061 1109 2123 amittere.

25 2141 106 2215 Quae
130 2144 222 2204 enim
246 2143 387 2217 fortuna,
409 2149 464 2200 aut
487 2143 559 2223 quis
583 2163 689 2214 casus,
712 2150 767 2201 aut
789 2141 870 2224 quae
894 2151 983 2204 tanta
1004 2143 1112 2224 possit

28 2220 133 2285 iniuria
156 2225 304 2289 omnium
324 2225 550 2305 imperatorum
573 2223 613 2284 dc
635 2224 792 2286 Deiotaro
820 2225 952 2287 decreta
973 2225 1110 2287 delere?

27 2305 70 2364 Ab
90 2309 246 2370 omnibns
269 2308 353 2368 enim
375 2315 426 2368 est
447 2316 578 2368 ornatus
590 2306 629 2384 ¹),
652 2307 725 2390 qui,
747 2313 917 2390 postquam
937 2309 972 2370 in
993 2311 1111 2370 castris

27 2407 90 2448 esse
109 2393 226 2472 potuit
256 2411 316 2470 per
338 2397 496 2462 aetatem,
528 2388 562 2448 in
594 2389 694 2463 Asia,
728 2391 956 2470 Cappadocia,
986 2394 1112 2466 Ponto,

23 2467 154 2552 Cilicia,
189 2473 306 2556 Syria,
334 2473 422 2532 bella
450 2479 636 2551 gesserunt:
672 2481 803 2533 senatus
826 2495 902 2534 vero
927 2475 1049 2536 iudicia
1071 2477 1112 2536 de

22 2550 73 2612 illo
100 2564 167 2617 tam
191 2555 317 2629 multa,
351 2564 479 2636 tamque
502 2553 698 2628 honorifica,
733 2577 813 2639 quae
835 2556 976 2638 publicis
998 2558 1114 2641 populi

23 2631 149 2699 Romani
171 2639 283 2718 literis
307 2638 583 2720 monumentisque
607 2637 796 2718 consignata
819 2647 914 2713 sunt,
943 2663 1024 2724 quae
1047 2663 1113 2701 nm·
1186 2633 1189 2643 ⁴

24 2737 108 2796 quam
138 2728 292 2785 vetustas
323 2721 458 2794 obruet,
492 2728 547 2782 aut
578 2742 659 2804 quae
692 2730 784 2783 tantu
812 2721 938 2792 delebit
967 2723 1112 2786 oblivio?

1278 876 1295 915 q

71 2919 98 2990 l)
114 2921 159 2974 his
179 2927 295 2974 ornatus
313 2928 362 2975 cst.

30 3039 350 3058 Ἣ

69 3112 153 3168 XIII.
180 3115 206 3186 5.
228 3113 275 3167 56.
316 3115 403 3166 Tauro
427 3125 510 3166 tenus.
554 3115 662 3168 Laudat
684 3115 712 3168 h.
734 3116 753 3168 l.
776 3115 881 3166 Fronto
905 3116 934 3166 in
957 3115 1008 3167 Ex.
1030 3115 1111 3169 illoc.

25 3195 48 3244 P·
64 3179 137 3237 bet:
176 3186 266 3236 Tenus
277 3186 379 3236 baare.
415 3186 496 3254 Virg.
515 3185 586 3236 Aen.
604 3186 731 3238 115552
760 3185 863 3255 Capeto
887 3193 970 3239 tenus.
1007 3186 1066 3240 Cic.
1083 3205 1112 3255 p.

26 3247 95 3320 Deis
134 3255 228 3307 Tauro
249 3263 324 3306 tersas
346 3273 458 3327 repnare
473 3256 576 3324 jussas.
612 3275 639 3325 p.
663 3257 740 3307 Sext.
764 3257 820 3309 Ἧι
846 3257 1015 3308 'Antioeban
1036 3257 1112 3309 illam

26 3316 143 3392 Maqnara
166 3327 282 3396 maJ‘ores
302 3329 388 3377 nostri
404 3345 499 3398 maqna
520 3326 585 3377 betti
600 3329 764 3378 contentione
781 3334 855 3377 terra
872 3329 991 3395 marique
1005 3345 1112 3397 snpera-

27 3393 73 3439 bon
89 3394 161 3446 intra
180 3404 293 3447 montem
311 3397 426 3448 Taurum
446 3415 556 3468 reparare
563 3396 711 3466 jusserunt.
748 3397 783 3448 In
797 3398 890 3450 verbis
906 3416 982 3467 seqq.
996 3397 1074 3449 Par-r.
1093 3397 1113 3448 2

26 3472 55 3508 ¹¹¹·
71 3479 111 3528 pr.
125 3465 153 3516 5.
170 3465 199 3518 6.
218 3467 237 3517 ⁷
252 3467 298 3518 10.
308 3467 396 3520 Venn.
408 3467 481 3519 051.
500 3468 601 3535 aliique
617 3469 684 3518 libri
701 3466 803 3519 babent
821 3467 928 3518 meritam
945 3469 1023 3536 [Bar.
1038 3468 1113 3520 le.

27 3529 207 3604 multatnram]
234 3539 362 3589 subierat.
409 3538 584 3588 Gniliclrnius
608 3538 774 3608 conjiciebat
799 3539 907 3588 multam
930 3540 972 3588 sui
996 3539 1113 3596 tulerat,

27 3603 92 3661 quod
103 3603 255 3659 invenisset
269 3609 297 3658 in
315 3607 378 3659 Col.
395 3609 503 3659 multans
520 3607 674 3658 sustulerat.
695 3609 752 3660 Sed
763 3609 879 3660 Parni.
889 3607 933 3661 ll.
944 3607 972 3659 8.
982 3607 1010 3659 9.
1025 3608 1113 3660 Arclr.

26 3663 81 3748 Plri-
97 3691 156 3726 cnm
172 3679 249 3729 mell.
270 3678 342 3730 Pell.
359 3686 472 3731 tuentur
491 3668 631 3744 vullqntnm
649 3679 804 3730 lectionem.
838 3681 927 3730 Iidem
949 3681 1012 3730 mel.
1032 3686 1114 3731 notae

28 3733 87 3790 libri
102 3761 162 3796 curn
177 3766 259 3799 nonu.
276 3749 371 3801 Immb.
388 3751 468 3801 codd.
483 3756 511 3801 et
528 3748 600 3800 011.
616 3749 753 3818 praebent
766 3751 838 3799 infra
854 3755 959 3799 servato
972 3767 1024 3818 pro
1038 3749 1112 3818 vulg.

27 3821 182 3869 conservato.
231 3819 266 3870 In
287 3819 353 3871 Par.
380 3819 428 3871 10.
445 3822 514 3871 Bar.
530 3820 600 3870 Ven.
621 3819 694 3871 02¹.
718 3821 791 3872 etin
814 3820 876 3871 aliis
900 3819 981 3870 libris
1006 3821 1110 3888 legitur

27 3891 161 3938 reservate.

73 3954 104 4001 ab
121 3959 239 4010 omnibus
256 3960 324 4010 enim
339 3966 380 4010 est
398 3965 517 4010 ornabo.
554 3955 632 4008 llaec
650 3958 737 4010 Arch.
756 3957 818 4008 Eri.
836 3956 916 4010 Perr.
933 3957 961 4009 5.
980 3958 1026 4011 ll.
1041 3961 1112 4012 Ver.

31 4012 101 4071 ¹490
118 4025 203 4079 lectio
219 4030 527 4098 praeferendarirlctur
544 4029 691 4095 vulgatae,
718 4029 881 4099 praesertim
907 4046 967 4079 cum
989 4029 1053 4082 Gal.
1079 4032 1112 4080 nb

30 4099 144 4212 mutet
160 4099 228 4150 enim
245 4102 280 4152 iis
301 4119 357 4152 orn.
382 4101 454 4153 Ven.
476 4097 554 4152 1479.
575 4101 610 4150 ab
633 4115 700 4149 omn.
721 4099 789 4149 enim
808 4106 849 4149 est
869 4100 894 4149 is
917 4105 979 4154 orni
994 4119 1063 4170 prae
1083 4117 1112 4152 sc

78 4232 175 4287 vernet.
213 4238 247 4289 de
265 4239 336 4309 Rep.
352 4239 397 4290 VI
412 4238 467 4290 252
506 4236 639 4288 Obmeitur
652 4237 966 4297 bomianminteritn‚·et
980 4240 1113 4290 oblivione

30 4305 187 4358 intentatis
206 4310 395 4378 exstinquitur.
430 4309 509 4362 Finn.
528 4309 544 4358 1
563 4307 608 4359 1⁷.
626 4309 651 4375 ξ.
666 4305 720 4360 87ι
752 4306 877 4358 Adversa
893 4310 971 4374 quast
983 4318 1113 4379 perpetus

777 4429 793 4468 t
