2824 5018
412 353 508 438 sitq
534 356 566 420 t,
591 356 809 426 munusue.
1070 363 1154 456 527

63 547 199 610 quarm
217 545 258 588 ex
275 547 407 590 numero
425 525 519 590 multi
531 525 588 588 bie
600 527 718 591 sedent
731 527 885 592 iudices?
951 527 998 604 id,
1020 513 1155 598 simulti

59 609 211 672 homines
224 609 330 671 nostri
343 609 468 672 ordinis
483 607 731 674 honestissimi?
745 612 844 695 qnid,
867 611 895 672 si
909 613 922 672 i
936 612 968 674 la
982 613 1154 676 officiosis·

58 694 156 767 sima,
179 711 261 777 qnae
280 693 439 754 neminem
456 694 580 775 petitur
593 715 660 754 non
676 693 813 758 honeste
828 696 863 756 in
880 695 991 756 urbem
1004 696 1153 772 introire,

58 783 134 838 tote
149 776 238 838 natio
252 777 520 838 candidatorum?
551 777 580 837 si
602 776 743 860 denique
755 778 837 860 ‚ipse
854 787 1023 840 accusator
1042 789 1156 844 noster

58 858 250 922 Postumius
267 859 393 920 obviam
410 880 481 920 cum
498 860 581 920 bene
598 880 710 940 magns
723 869 852 926 caterva
867 883 924 925 suu
936 862 1043 936 venits
1075 864 1154 947 quid

57 940 163 1004 babet
183 942 247 1004 ista
265 941 438 1004 multitudo
458 941 704 1009 admirationis?
743 943 866 1006 Omitto
887 944 1045 1019 clientes,
1074 946 1156 1008 rici·

57 1046 145 1098 nos,
165 1024 317 1099 tribules,
340 1025 516 1088 exercitum
534 1033 637 1088 totum
650 1026 802 1100 «Luculli,
825 1028 879 1125 qui
899 1027 939 1088 sd
959 1028 1154 1110 triumphum

55 1129 122 1190 per
139 1129 196 1168 eos
217 1107 288 1170 dies
309 1117 456 1186 venerat:
480 1107 543 1171 hoe
558 1109 658 1181 dico,
680 1107 895 1192 frequentiam
912 1111 947 1171 in
960 1111 1025 1172 isto
1045 1112 1153 1176 officio

57 1190 252 1270 gratuitam,
281 1212 346 1252 non
367 1192 462 1255 modo
483 1190 634 1272 dignitati
653 1189 751 1253 ullius
769 1214 926 1277 unquam,
956 1195 1016 1254 sed
1030 1215 1071 1256 ne
1098 1216 1153 1258 vu·

56 1273 183 1335 luntati
201 1273 330 1357 quidem
348 1274 503 1336 defuisse.
532 1276 578 1336 At
592 1274 800 1336 sectabantur
814 1275 918 1337 multi.
948 1275 1051 1351 Doce,
1072 1281 1204 1339 mereo

57 1356 163 1429 cedes
196 1357 372 1420 concedam
395 1379 467 1420 esse
493 1357 634 1432 crimen.¹
661 1355 881 1442 becquidem
901 1368 1042 1435 remoto,
1074 1360 1153 1444 quid

56 1438 301 1521 reprehendis?
409 1451 413 1462 '
862 1469 865 1480 ·

126 1519 204 1584 Ger.
226 1519 387 1582 XXXIV.
435 1519 525 1599 Quid
546 1543 636 1604 opus·
652 1528 724 1596 est,
754 1521 894 1608 inquit„
912 1523 1153 1586 sectatoribus?

55 1604 95 1666 Α
110 1625 160 1666 me
178 1613 215 1668 tu
232 1605 268 1665 id
284 1603 430 1688 quaeris,
462 1604 541 1689 quid
561 1625 641 1686 opus
660 1603 704 1664 sit
722 1626 780 1680 co,
803 1626 865 1690 quo
888 1627 1014 1687 semper
1030 1606 1083 1666 usi
1098 1627 1152 1670 sn·

55 1687 157 1748 mus?
188 1687 346 1749 Homines
373 1695 490 1749 tenues
512 1709 608 1750 unum
631 1685 752 1748 babent
778 1688 812 1748 in
835 1696 980 1750 nostrum
1007 1689 1154 1752 ordinem

57 1779 120 1832 aut
145 1770 368 1852 promerendi,
402 1778 457 1832 ent
482 1770 646 1834 referendi
675 1770 827 1832 beneficii
851 1771 977 1848 locum,
1009 1771 1094 1833 banc
1119 1773 1154 1835 in

57 1854 185 1915 nosti-is
194 1853 410 1936 petitionibus
418 1875 548 1936 operam
557 1862 590 1916 at
613 1875 653 1914 ue
667 1853 926 1916 assectationem.
939 1877 1054 1940 ,neque
1070 1853 1154 1918 enim

57 1936 138 2018 fieri
155 1945 287 2018 potest,
308 1957 414 2021 neque
436 1876 667 2019 postulandum
686 1944 737 1999 est
756 1959 773 1998 a
793 1937 907 2011 nobis,
929 1948 984 2001 aut
1004 1939 1043 2000 ab
1063 1937 1154 2020 eqni-

60 2176 106 2227 ruis
123 2173 178 2244 «rjus
196 2175 296 2244 [equit.
311 2175 365 2245 it]
382 2175 498 2230 studium
509 2174 592 2245 fuisse
608 2175 637 2228 in
653 2175 751 2226 bonore
766 2175 873 2227 Pluueii
885 2173 1041 2246 siupulare?
1059 2175 1152 2244 Neque
1222 2163 1225 2170 ’

62 2245 180 2316 injuria:
197 2247 241 2297 uel
257 2245 399 2312 quoderat
410 2255 491 2318 puter
503 2249 536 2306 is,
555 2247 601 2314 qui
616 2254 656 2297 est
669 2249 791 2317 princeps
800 2245 861 2314 jam
874 2244 922 2296 diu
932 2245 1150 2314 publicanorum

62 2317 108 2368 uel
123 2315 230 2382 quadis
250 2317 283 2367 ab
301 2318 381 2368 sociis
398 2319 473 2370 urtice
487 2317 667 2390 diligebatum
695 2317 739 2369 uel
754 2318 819 2384 quia
832 2333 881 2384 pro
896 2315 956 2386 {ilio
973 2317 1150 2384 supplicabat.

63 2403 91 2440 v.
113 2387 180 2438 ibid.
195 2387 233 2438 i5
256 2392 284 2440 et
309 2386 355 2440 ld.
381 2413 414 2428 -
449 2390 531 2440 uatis.
559 2406 586 2458 p.
609 2387 686 2440 Sext.
708 2385 764 2439 ida
811 2386 966 2448 Quaesisti,
993 2404 1061 2452 quae
1083 2393 1153 2438 asset
1250 2399 1251 2404 ’

63 2464 156 2509 uestra
170 2458 244 2509 uatis
261 2459 445 2526 optimatium?
473 2459 512 2509 sie
529 2459 597 2508 enim
611 2458 717 2512 dixisti.
752 2457 780 2508 iu
794 2457 851 2513 Pis.
867 2455 923 2508 252
954 2455 1023 2509 Dico
1048 2458 1152 2510 sanim

67 2529 203 2588 nemiuem,
223 2546 255 2578 ne
271 2529 333 2587 dero
375 2529 507 2580 iosissiruu
520 2528 624 2595 quietern
638 2529 745 2579 natione
760 2526 970 2578 candidatum.

120 2597 255 2649 xxxlv.
273 2600 296 2668 5.
357 2636 364 2652 .
395 2597 571 2670 promerendi.
608 2598 641 2649 dc
659 2597 719 2652 Pet.
736 2614 808 2650 cens.
827 2599 850 2668 5
865 2596 900 2650 Ὶι
933 2597 994 2668 Epo
1017 2595 1152 2668 confirma

72 2683 128 2717 esse
141 2671 273 2726 nemiuem,
301 2687 318 2718 a
332 2687 383 2737 quo
399 2668 545 2738 recusastis
562 2671 703 2736 impetrare
714 2669 817 2738 possis,
845 2675 874 2720 ut
890 2686 938 2720 suo
954 2667 1077 2740 beneficio
1090 2684 1153 2736 prc-

69 2745 211 2797 serraco,
228 2741 281 2790 sibi
297 2747 327 2789 ut
341 2740 446 2793 debeas.
482 2739 504 2809 5.
517 2737 554 2791 8ι
579 2740 706 2791 Homines
724 2739 912 2809 municipales,
939 2741 963 2791 si
976 2737 1108 2808 praesidii
1123 2753 1153 2788 se

68 2807 170 2873 aliquid
193 2810 246 2860 sibi
272 2811 431 2862 constituere
449 2817 560 2879 putant,
586 2829 639 2862 uon
658 2811 782 2861 amittunt
805 2811 965 2862 occasionem
977 2806 1152 2878 promerendi.

66 2895 91 2931 v.
102 2878 198 2930 011¹.ss
209 2877 254 2932 itt.
271 2909 302 2920 ω
334 2882 368 2932 In
392 2882 434 2932 ed.
456 2879 635 2935 Lambiniaba
656 2879 743 2932 15⁰6.
767 2897 830 2950 pag.
845 2879 905 2931 69⁷
922 2881 1078 2930 adnotatum
1094 2883 1152 2929 esta

63 2949 110 3000 ubi
117 2949 194 3019 culpo
205 2949 304 3020 lepitur
311 2954 496 3019 promerendi,
508 2960 556 3004 aut
563 2953 734 3021 proferendi,
747 2950 891 3022 tepentium,
905 2949 1090 3018 promerendi,
1106 2953 1154 3000 aut

62 3021 212 3076 referendi.
231 3023 264 3071 In
278 3022 382 3075 aduott.
397 3025 571 3092 repetitionis
584 3022 777 3074 Lambinianee
787 3019 872 3071 1584
888 3020 1010 3071 additum
1025 3019 1135 3070 ridetur
1144 3018 1161 3070 ι’

60 3091 142 3157 idque
154 3099 179 3140 et
194 3091 272 3142 libris
286 3094 419 3144 ueteribus
430 3093 642 3162 'adprobantibus
655 3099 682 3142 et
693 3091 835 3161 {iupitaute
849 3091 961 3140 ratione.
989 3089 1049 3140 Sed
1062 3105 1152 3158 neque

60 3161 151 3214 ceteri
167 3163 294 3224 codices,
321 3180 409 3231 neque
425 3161 552 3222 Perieras,
573 3179 605 3214 cx
621 3161 744 3229 quibusl
762 3167 789 3211 et
802 3159 822 3210 i
837 3177 899 3212 cum
911 3160 1074 3210 Memmiana
1091 3161 1152 3212 iere

59 3233 245 3293 consentiunt,
264 3231 447 3301 conjecturum
461 3233 538 3287 illam
555 3233 598 3300 [Ρ.
608 3231 746 3300 bisuntii}
765 3229 884 3281 eLumb.
895 3237 923 3282 et
933 3229 1000 3283 Ern.
1012 3237 1154 3299 receptam

59 3303 259 3372 comprobant3
297 3319 384 3371 neque
410 3320 475 3356 vero
499 3301 621 3373 proferre
646 3300 729 3371 benefi
752 3301 839 3368 magis
863 3302 980 3352 alienum
1006 3320 1022 3352 a
1051 3299 1152 3358 Latino

55 3391 186 3426 sermone
209 3380 266 3433 est,
285 3368 364 3440 quani
378 3373 478 3442 reterre
492 3371 575 3442 beuefi
594 3373 668 3442 quod
682 3387 812 3440 nusquam
826 3372 938 3439 iegitur.
949 3401 981 3413 -
1006 3372 1039 3423 de
1054 3371 1110 3422 off.
1126 3369 1152 3423 1.
1175 3431 1177 3446 Ι

56 3445 87 3513 5.
104 3443 158 3494 4⁷:
192 3442 242 3494 Sia
265 3451 342 3494 eruut
364 3446 473 3503 merita,
501 3451 530 3494 ut
551 3461 604 3496 non
621 3442 736 3496 inerurda
757 3440 804 3492 sed
828 3441 969 3511 relirersda
992 3443 1029 3494 sit
1049 3441 1151 3511 pratia.

55 3516 87 3584 5.
103 3513 159 3566 482
195 3513 254 3563 Duo
270 3532 368 3584 peuera
385 3515 560 3566 liberalitatis
575 3521 650 3573 suat,
678 3533 756 3566 uuum
776 3511 860 3564 eimedi
875 3512 1011 3584 beneficii,
1039 3512 1152 3562 alterum

53 3583 196 3636 reddendi.
234 3585 256 3652 5.
272 3583 329 3636 49ε
361 3585 609 3658 Beneficiajudisio
628 3591 829 3650 constanterque
851 3582 952 3635 delata.
976 3610 1008 3623 -
1045 3580 1080 3634 Ia
1098 3581 1152 3632 eol·

52 3655 173 3707 locando
196 3655 319 3726 beneficio
343 3662 370 3706 et
396 3657 425 3706 tu
446 3655 585 3726 refirenda
609 3657 710 3726 pratia.
755 3654 821 3704 Ter.
844 3652 955 3706 Pborm.
976 3653 1010 3704 11
1031 3651 1064 3714 2,
1092 3651 1151 3704 222

52 3726 117 3778 Pro
132 3725 259 3796 maleficio
277 3727 301 3776 si
322 3725 471 3797 beneficium
486 3745 609 3778 summum
624 3719 718 3776 reclusit
731 3723 850 3777 reddere.
888 3723 957 3776 Ge:
986 3723 1047 3773 Nou
1063 3728 1151 3790 potest

49 3797 129 3849 satis
142 3814 192 3865 pro
209 3798 300 3846 merito
314 3797 347 3846 ab
363 3795 411 3848 illo
428 3799 478 3848 tibi
492 3797 588 3864 refhrri
601 3796 703 3867 pratia.
741 3794 880 3847 Gruterus
897 3793 1032 3864 explicata
1048 3810 1152 3862 praese·

50 3883 145 3920 remus
166 3867 254 3918 benef.
277 3866 408 3927 alterius,
433 3867 591 3936 proficimus
613 3873 735 3918 uestrum
780 3863 864 3923 Mihi,
891 3865 914 3916 si
934 3864 1016 3914 modo
1040 3863 1150 3915 codices

48 3955 153 3990 veram
172 3935 316 3990 Ciceronis
333 3955 438 3988 manum
457 3938 599 3996 exhibent,
627 3953 721 3991 sensus
745 3952 805 3989 csse
828 3935 949 3988 rideture
977 3933 1107 4002 proferre
1121 3933 1150 3984 in

48 4005 195 4068 medium,
219 4007 346 4076 profiteri
363 4009 453 4060 benef.
472 4013 627 4077 acceptum,
651 4008 734 4075 idque
757 4006 880 4058 nerandu
904 4003 1073 4072 suffragandi
1093 4009 1148 4055 stu-

51 4079 107 4132 dio
126 4079 252 4130 reddere.
288 4079 415 4131 deFinn.
434 4078 540 4140 1195,
560 4076 616 4130 ⁷6³
652 4077 753 4130 Eamus
772 4077 901 4126 rationem
914 4091 1040 4142 sequare,
1070 4089 1149 4140 quaes

41 4147 180 4222 profiteri
195 4156 221 4199 et
238 4151 267 4202 in
281 4148 391 4200 medium
404 4148 526 4218 profem
540 4166 594 4199 son
608 4147 728 4200 audeas?
765 4147 799 4200 de
813 4147 875 4198 Pet.
892 4162 965 4198 cons.
979 4144 1014 4196 ii:
1044 4142 1148 4195 butelli·

44 4226 141 4292 qaut,
175 4220 275 4280 nullum
297 4219 374 4270 aliud
400 4227 497 4290 tempus
524 4219 663 4274 imbituras
693 4215 846 4285 referendae
872 4216 998 4288 prutiper
1025 4212 1147 4290 profectu

51 4290 177 4342 besaines
193 4297 219 4340 et
233 4309 279 4360 spe
293 4290 455 4358 reliquorum
469 4298 572 4342 moruus
584 4289 739 4361 officiorum,
765 4295 791 4338 et
803 4287 950 4340 recentibus
963 4284 1095 4357 benefieiis
1110 4283 1148 4336 aei

50 4359 176 4412 studium
192 4359 340 4426 seruandum
355 4362 549 4426 excitabuntur.
593 4378 618 4412 r.
635 4368 725 4414 terneu
742 4358 815 4410 inire
833 4357 873 4412 59
887 4364 957 4411 extr.
