2802 5028
557 605 612 648 ιη

178 722 1002 856 nenn1n1nnm

413 937 774 1013 secanam
933 897 936 904 ’

548 1139 632 1174 seve
730 1137 734 1142 ·
811 1129 817 1140 “

63 1251 1147 1390 mvnesrusnaun1nnaseeennns

456 1489 458 1503 1
502 1513 700 1544 “m“f‘*

407 1681 777 1761 saeumnnrnm
1142 1625 1148 1660 ¹

70 1823 139 1892 Quum
163 1823 196 1876 L.
225 1821 369 1881 Catilina,
404 1816 548 1890 superiore
575 1822 701 1872 oratione
729 1811 920 1890 perterritus,
946 1829 1028 1876 nocte
1053 1823 1150 1878 intem·

119 1904 190 1964 peste
209 1911 272 1946 cum
291 1893 425 1944 trecentis
444 1894 557 1943 arceatis
573 1893 602 1944 in
622 1893 762 1944 llIanliana
781 1900 874 1944 eastra
896 1895 1149 1959 prolectusesset:

68 2001 70 2004 -
122 1967 215 2018 Cicero
238 1964 375 2033 postridie
396 1964 512 2014 alteram
531 1964 683 2016 orationem
702 1965 738 2013 nd
756 1964 889 2032 populum
907 1963 1020 2023 babuit,
1049 1967 1078 2016 in
1097 1985 1151 2034 qna

76 2033 98 2102 l)
112 2039 213 2105 primum
226 2042 257 2086 et
266 2035 320 2086 sihi
333 2041 361 2084 ct
372 2036 476 2103 populo
493 2033 616 2086 Romano
625 2034 792 2101 gratulatur,
808 2035 878 2086 belli
896 2034 1039 2086 domestici
1054 2039 1151 2089 dacem

126 2107 151 2160 e'x
164 2107 284 2160 occultis
301 2105 407 2159 insidiis
421 2107 449 2155 in
464 2112 590 2174 apertum
608 2105 784 2156 latrocinium
798 2105 951 2175 conjectum
968 2124 1025 2158 esse
1038 2137 1068 2145 -
1079 2109 1102 2176 5.
1114 2108 1150 2170 Ως

72 2175 95 2244 i>
109 2179 194 2231 deinde
214 2197 247 2228 se
266 2181 385 2245 purgat,
406 2178 480 2243 quod
498 2183 554 2227 tam
574 2177 721 2245 capitalem
738 2176 845 2226 hostem
864 2193 917 2226 non
938 2177 1151 2246 comprehende·

121 2251 155 2302 rit
171 2251 283 2320 potius,
300 2255 384 2319 'quom
403 2249 533 2298 emiserit.
571 2247 683 2315 Vidisse
704 2249 775 2297 enirn
794 2265 842 2308 re,
871 2262 952 2315 quum
970 2250 1067 2307 multi,
1088 2243 1172 2302 eon?

118 2323 285 2392 jurationem
304 2337 362 2370 esse
382 2319 498 2378 iactam,
526 2324 645 2369 autnon
664 2320 832 2379 crederent,
853 2320 1001 2370 autetiam
1021 2320 1162 2372 deiende.

121 2398 196 2460 rent,
224 2392 251 2442 si
276 2389 356 2440 illam
381 2395 470 2441 morte
495 2389 653 2449 multasset,
682 2381 763 2456 t'ore,¹
789 2381 820 2440 ut
846 2390 904 2460 ejus
932 2393 1023 2442 socios
1049 2393 1154 2444 invidia

120 2479 267 2534 oppressus
286 2462 417 2529 persequi
433 2477 488 2509 nen
505 2466 647 2528 posset-
667 2461 690 2528 5.
707 2459 737 2513 ll.
776 2459 849 2525 Sed¹
862 2479 922 2511 eum
944 2461 1051 2517 hostem
1074 2463 1154 2516 rebe·

71 2551 74 2560 ’
117 2539 218 2586 menter
246 2533 316 2583 foris
340 2549 395 2592 non
418 2549 477 2582 esse
502 2531 668 2592 timendum
697 2525 784 2597 magis
808 2533 900 2588 etiam,
915 2535 1153 2600 pertimescendos

120 2623 174 2657 esse
202 2621 270 2662 eos,
299 2603 346 2671 qui
366 2602 471 2652 Romae
495 2602 669 2660 restiterint,
697 2603 771 2668 quod
790 2604 880 2652 omnia
900 2621 952 2654 sara
978 2606 1155 2676 consilieosd

121 2675 258 2728 consulem
274 2675 385 2744 perlata
408 2691 467 2724 esse
490 2674 627 2745 sentiant,
661 2689 751 2742 neque
768 2679 858 2724 tamen
871 2683 1099 2746 permoveantur.
1121 2705 1154 2719 --

124 2765 152 2798 ca
173 2747 225 2798 ,5.
881 2760 883 2774 ”

62 2813 87 2884 5)
101 2765 170 2868 Tunl
184 2824 282 2868 orator
298 2815 352 2866 sibi
369 2813 542 2883 gratulatus,
562 2813 637 2882 quod
649 2813 707 2883 jam
722 2803 840 2886 orienes,¹
851 2795 961 2882 'riclam
979 2833 1038 2870 esse
1056 2823 1154 2885 aperte

121 2888 356 2959 conjurationem,
384 2887 511 2943 videant,
538 2884 706 2936 fortunatam
725 2885 1156 2953 praedicetrempublicamsei

119 2959 185 3011 banc
206 2959 341 3010 sentinam
356 2957 435 3007 urbis
453 2956 585 3026 ejecerit3
607 2957 797 3024 enarratisque
815 2953 954 3008 Catilinae
972 2962 1000 3007 et
1017 2958 1156 3010 sociorum

119 3030 231 3100 flagitiis
250 3035 332 3097 atque
349 3027 539 3085 facinoribus,
557 3026 620 3078 hnic
636 3027 766 3078 intestino
779 3023 868 3099 belle.
880 3045 909 3078 se
928 3028 1024 3079 ducem
1041 3027 1155 3096 prolite-

120 3107 181 3161 tur,
201 3103 358 3167 iterumque
374 3105 466 3148 monet
484 3097 658 3166 conjuratos,
679 3104 709 3147 nt
726 3104 773 3148 aut
792 3104 907 3168 creant,
927 3104 975 3149 eut
996 3101 1154 3167 quiescente
1235 3144 1237 3154 ,

122 3178 176 3232 aut,
196 3172 265 3222 siin
280 3171 349 3221 urbe
366 3170 438 3220 etin
455 3170 550 3220 eadem
563 3174 654 3220 mente
669 3175 859 3238 permaneant,
880 3187 920 3228 ea,
942 3187 1011 3238 qnae
1030 3188 1154 3224 merean-

121 3251 184 3304 tur,
205 3247 418 3310 exspeetent*—
438 3255 497 3306 cap.
516 3236 545 3288 e.
666 3291 669 3298 ¹
719 3291 722 3300 Ι

38 3305 89 3377 ,4)
104 3311 240 3365 llelutatis
264 3329 324 3364 cum
346 3310 437 3361 ironia
459 3307 630 3360 sermonibus
648 3313 762 3369 leonum,
787 3308 853 3376 qui,
880 3305 1030 3360 Catilinam
1047 3329 1062 3360 a
1079 3328 1108 3361 se
1126 3311 1155 3361 in

67 3441 69 3447 y
122 3387 245 3436 exsilium
269 3384 386 3452 ejectum
408 3399 485 3440 esse,
516 3381 657 3436 dicerent:
692 3379 788 3430 consul
811 3381 1154 3448 deplorat‘conditionem

119 3457 247 3507 miseram
262 3453 465 3505 conservandae
482 3450 671 3518 reipublicae,
691 3468 775 3518 seque
791 3450 912 3505 libenter
928 3452 1049 3504 invidiae
1065 3452 1154 3505 laleee

122 3532 313 3596 tempestatem
328 3540 380 3592 pro
397 3524 468 3592 reip.
485 3522 574 3572 salute
592 3521 747 3572 subiturum
765 3539 841 3592 essq,
862 3523 931 3576 dicit
951 3551 982 3562 -
1004 3541 1063 3591 cap.
1082 3521 1110 3575 ⁷.

65 3591 89 3662 ll)
103 3597 187 3648 Facta
204 3596 401 3660 traductione,
428 3599 524 3645 orator
540 3610 588 3642 sex
606 3609 709 3659 genera
726 3609 835 3653 corum,
865 3594 912 3660 qni
927 3593 1032 3644 Romae
1049 3611 1144 3647 remen

123 3674 232 3726 serant,
262 3665 404 3718 describit.
441 3666 469 3727 e)
497 3663 587 3713 Unum
615 3679 700 3729 genus
726 3681 784 3714 esse
809 3681 919 3724 eorum,
948 3665 995 3732 qni
1012 3679 1111 3733 magne
1128 3665 1157 3716 in

123 3755 185 3789 a'ere
205 3740 296 3789 alieno
315 3737 433 3804 majores
457 3736 538 3785 etiam
561 3733 748 3802 possessiones
764 3733 916 3793 babeant,
932 3754 1046 3802 quaram
1063 3731 1157 3788 umore

124 3810 235 3860 adducti
252 3808 365 3859 dissolvi
379 3807 457 3856 nulle
474 3807 553 3855 modo
568 3805 675 3871 possint
686 3835 717 3844 —
734 3823 794 3874 cap.
809 3804 837 3856 8.
875 3807 902 3867 b)
920 3807 1052 3858 Alterum
1072 3825 1158 3875 genus

125 3899 182 3931 esse
203 3898 313 3938 eorum,
333 3879 398 3946 qui,
419 3895 580 3944 quamquam
597 3881 756 3944 premantur
775 3895 839 3928 sere
856 3875 966 3937 aliene,
996 3879 1159 3930 dominatio·

124 3969 184 4002 nem
201 3952 292 4001 tamen
317 3953 524 4018 exspectent-
545 3947 568 4014 5.
589 3945 635 4020 lt).
673 3951 698 4011 c)
726 3947 852 3998 Tertium
877 3966 962 4014 genus
990 3965 1049 4000 esse
1068 3955 1159 4002 aetate

123 4021 339 4090 jornallensem,
360 4020 409 4084 sed
422 4026 514 4069 tamen
534 4019 731 4070 exercitatione
750 4019 910 4076 robustum,
931 4037 964 4070 ex
981 4020 1015 4070 iis
1032 4021 1159 4078 coloniis,

128 4109 193 4159 quas
211 4092 292 4142 Sulla
310 4091 486 4144 constituerit
504 4119 535 4156 ς-
556 4107 615 4156 cap.
633 4088 662 4140 9.
698 4089 726 4159 d)
747 4088 885 4156 Quartum
902 4107 987 4156 genus
1003 4091 1109 4142 varium
1128 4083 1159 4141 ae

128 4163 315 4214 turbulentum
331 4163 359 4212 in
377 4168 472 4213 vetere
490 4177 553 4210 aere
573 4160 663 4210 alieno
676 4160 810 4212 vacillare
827 4187 858 4199 -
885 4159 909 4227 ξ.
926 4161 975 4213 21.
1019 4165 1043 4223 e)
1073 4160 1161 4229 Quin·

127 4239 182 4282 turn
201 4252 286 4300 genus
305 4250 364 4286 esse
380 4231 603 4300 parricidarum,
621 4232 801 4290 sicariorum,
822 4229 941 4299 deniqne
958 4233 1077 4284 omnium
1092 4232 1160 4283 iaci·

128 4319 306 4365 cerasorum,
334 4310 362 4355 et
379 4302 409 4371 f)
427 4308 595 4373 postremum
612 4303 877 4362 emendatores,
904 4305 1028 4374 impares
1043 4303 1161 4373 impudi-

130 4390 228 4444 earqne
247 4374 396 4452 eomplpeti
415 4403 447 4415 -·
467 4389 527 4444 capo
546 4371 594 4424 10.
