2824 5018
260 385 344 466 503
497 367 501 376 ’
645 377 993 444 ouans-e·

261 554 354 617 dedit
386 555 418 619 sl
446 551 634 620 facultatum
665 555 853 640 respublica
881 549 1111 627 liberalitatlss
1160 573 1227 636 qua
1257 571 1339 626 esus,

259 637 376 700 multas
400 639 463 700 sibl
483 639 607 714 tribus,
640 661 722 724 quae
744 639 929 720 municipiis
951 636 1101 698 Umbriae
1124 634 1338 710 eontieiuntnr,
1402 631 1403 680 l

261 721 427 784 adiunxit:
451 723 521 802 ipsa
545 731 650 784 autem
672 724 706 783 in
728 723 859 795 Gallie,
880 731 916 783 ut
937 721 1043 782 nostri
1065 718 1213 780 homines
1239 718 1336 798 despe-

259 811 345 865 ratas
367 805 430 866 iam
451 806 605 888 pecunias
629 807 806 886 exigerent,
833 805 996 888 aequitate
1019 802 1260 884 diligentiaque
1284 823 1334 880 per·

259 886 349 946 feeit.
392 889 444 949 Tu
474 889 600 948 interea
632 889 753 950 Romae
786 887 915 948 scilieet
944 886 1055 948 amieis
1085 895 1219 966 praesto
1251 884 1332 943 fuisti

259 969 382 1030 fateor:
421 970 480 1030 sed
509 979 617 1032 tamen
644 971 727 1031 illud
755 971 882 1051 cogita,
921 969 1149 1032 nonnullorum
1179 967 1336 1044 amisorum

260 1053 369 1193 ptudlila
390 1053 490 1116 minui
512 1052 618 1116 solere
639 1057 674 1115 in
696 1077 770 1130 eos,
801 1055 957 1136 aquibus
980 1051 1165 1134 provincias
1188 1049 1338 1111 eontemai

259 1144 328 1195 ante
357 1135 367 1194 i
392 1144 456 1197 ant.

178 1209 253 1271 ’.45
325 1157 402 1278 cii.
433 1218 527 1280 xxt.
579 1219 643 1294 lit,
683 1220 831 1303 quoniam
862 1218 1012 1291 ostendi,
1055 1216 1204 1288 iudices,
1246 1235 1341 1295 paren

260 1299 448 1381 dignitatem
476 1302 517 1361 ad
545 1303 733 1364 consulatus
754 1303 968 1384 petitionem,
989 1300 1161 1380 disparem
1189 1299 1342 1357 fortunam

259 1385 505 1464 proviaeialium
538 1388 740 1466 negotiorum
771 1387 807 1446 in
839 1385 975 1445 Murena
1009 1391 1106 1464 atque
1136 1382 1172 1442 in
1204 1380 1342 1460 Sulpicio
1403 1435 1404 1440 ,

260 1466 380 1528 inisse:
404 1467 507 1530 dicam
529 1468 591 1529 iam
614 1469 779 1550 apertius,
801 1470 834 1528 in
858 1488 921 1556 qno
944 1487 1031 1526 mens
1053 1465 1263 1524 necessarius
1286 1463 1344 1521 ine·
1403 1469 1404 1480 *

259 1549 304 1609 rit
338 1550 475 1610 inferiore
504 1551 656 1624 Servius,
695 1559 729 1612 et
760 1573 797 1612 ea
831 1551 957 1622 dicam,
993 1545 1086 1609 vobis
1120 1546 1344 1616 audientibus,

262 1632 379 1694 amisso
401 1635 462 1693 iam
484 1641 647 1715 tempore,
685 1653 766 1716 quae
794 1634 858 1714 ipsi
886 1632 969 1706 soli,
1009 1631 1213 1708 reintegra,
1255 1649 1344 1706 saepe

262 1714 339 1778 dixi.
381 1715 498 1776 Petere
522 1717 723 1778 consulatum
744 1718 871 1777 nescire
893 1723 945 1788 te,
965 1712 1078 1786 Servi,
1110 1733 1273 1793 persaepe
1293 1709 1346 1770 tibi

261 1795 347 1856 dixis
370 1805 404 1857 et
426 1800 460 1859 in
482 1799 522 1858 iis
545 1800 640 1861 rebus
663 1799 763 1880 ipsis,
794 1819 873 1882 quas
896 1808 928 1862 te
952 1817 1066 1876 magno
1089 1803 1122 1856 et
1143 1795 1226 1855 forti
1248 1793 1344 1855 animo

261 1887 294 1940 et
317 1901 410 1960 apere
435 1890 466 1943 et
489 1882 598 1942 dicere
620 1883 779 1956 videbam,
801 1883 862 1942 tibi
877 1881 992 1943 solitus
1010 1901 1078 1939 sum
1101 1878 1230 1949 dicere,
1251 1877 1345 1955 magis

258 1969 293 2025 te
314 1963 430 2024 fortem
453 1973 632 2027 senatorem
653 1966 731 2025 mibi
753 1965 877 2036 videri,
911 1983 1006 2048 quam·
1032 1963 1211 2042 sapientem
1244 1958 1348 2020 eandi-

259 2045 379 2108 datum.
422 2046 561 2108 Primum
585 2049 761 2108 accusandi
780 2057 923 2109 terrores
945 2055 978 2106 et
1000 2045 1125 2116 minae,
1166 2044 1289 2125 quibus
1319 2049 1349 2100 tu

259 2129 405 2210 quotidie
428 2131 476 2192 nti
499 2129 648 2204 solebas,
680 2140 756 2192 aaut
777 2132 871 2192 tortis
892 2129 974 2202 riri3
1007 2129 1065 2188 sed
1089 2137 1121 2187 et
1137 2125 1261 2206 ‘populi
1286 2125 1349 2206 opi-

258 2211 386 2272 nionem
417 2237 435 2275 a
464 2235 521 2294 spe
552 2215 756 2296 adipiscendi
782 2221 948 2284 avertunt,
982 2220 1014 2271 et
1042 2211 1217 2270 amicorum
1242 2209 1349 2269 studia

259 2294 443 2364 debilitent.
487 2297 607 2358 Nescio
635 2318 698 2379 quo
725 2306 821 2377 paeto
853 2316 980 2375 semper
1008 2293 1070 2354 boe
1092 2295 1145 2354 fita
1183 2314 1297 2374 neque
1319 2292 1352 2349 in

258 2398 323 2437 nno
356 2388 410 2440 aut
438 2378 540 2440 altero
571 2380 823 2440 animadversum
853 2387 922 2450 est,
961 2377 1018 2436 aed
1041 2377 1102 2436 iam
1124 2376 1157 2433 in
1179 2374 1353 2453 pluribus;

260 2457 452 2544 simulatque
475 2459 674 2524 candidatus
690 2463 926 2522 accusationem
950 2459 1098 2519 meditari
1119 2458 1208 2518 visus
1232 2465 1299 2527 est,
1323 2465 1352 2515 ut
1404 2447 1405 2462 ¹

137 2618 144 2627 ι
207 2539 415 2602 Mbonorem
437 2544 627 2624 desperasse
650 2541 807 2607 videatur.
850 2543 938 2620 Quid
953 2544 1060 2624 ergo?
1083 2548 1253 2620 acceptam
1270 2541 1351 2598 iniu-

258 2623 337 2684 riam
359 2627 510 2708 persequi
532 2650 596 2688 non
618 2628 752 2708 placet?
782 2628 876 2688 immo
900 2625 1105 2686 vehementer
1126 2622 1259 2704 placet:
1297 2621 1349 2682 seul

259 2706 348 2768 aliud
370 2716 495 2788 tempus
520 2719 570 2769 est
599 2711 753 2790 petendi,
787 2709 875 2770 aliud
904 2707 1131 2790 persequendi.
1175 2707 1348 2784 petitorem

258 2811 339 2870 ego,
372 2793 560 2870 praesertim
592 2793 799 2866 consulatus,
831 2813 943 2870 magua
966 2811 1044 2870 spe,
1081 2810 1194 2868 magno
1229 2789 1346 2856 animo,

258 2874 381 2953 magnis
406 2874 508 2954 copiis
532 2875 764 2948 otiosorum,
802 2885 835 2935 et
864 2875 898 2933 in
927 2895 1069 2953 caunpum
1101 2873 1221 2932 deduci
1256 2871 1345 2932 volo:

258 2977 324 3016 uon
345 2953 455 3036 plaeet
475 2955 552 3017 mihi
574 2958 742 3042 inquisitio
766 2957 941 3030 candidati,
966 2956 1155 3036 praenuntia
1177 2955 1345 3034 repulsae:

258 3060 324 3099 non
347 3040 476 3100 testium
498 3041 627 3121 potins,
658 3065 750 3124 quam
773 3041 1011 3120 suffragatorum
1034 3038 1256 3117 comparatio:
1289 3056 1346 3094 non

258 3121 362 3182 minae
391 3124 510 3204 magis,
544 3147 636 3208 quam
668 3120 865 3186 blanditiaea
906 3145 971 3184 neu
1000 3120 1191 3181 declamatio
1221 3121 1347 3202 potius,

1254 3279 1347 3292 ——1

314 3389 396 3450 xxl.
416 3399 437 3468 ᾗ.
457 3398 505 3452 tt.
541 3398 671 3468 insomne
687 3407 711 3450 et
728 3401 756 3452 in
772 3418 896 3468 eampum.
931 3398 1069 3453 Manutius
1085 3396 1214 3448 adnotata
1244 3399 1273 3448 in
1289 3398 1345 3448 lore

256 3478 420 3538 prensatur,
440 3471 467 3520 in
479 3487 573 3538 eampo
589 3473 700 3540 petitur.
739 3468 797 3522 Sed
810 3487 1005 3536 nonnumquam
1020 3470 1048 3516 iu
1062 3467 1123 3516 foro
1140 3484 1253 3534 quoque
1272 3485 1345 3536 pren·

258 3546 344 3591 satum
365 3557 440 3598 esse,
474 3541 554 3592 doeet
571 3540 632 3592 (lie.
652 3543 686 3590 ud
702 3542 762 3591 Ate.
779 3541 795 3590 I
813 3541 846 3594 {a
883 3540 939 3589 Nes
964 3539 1068 3588 initium
1087 3537 1236 3603 prensandi
1261 3539 1344 3607 {acere

258 3611 437 3680 eoqitaremus
451 3613 479 3662 in
493 3629 598 3678 canapo,
617 3613 728 3662 sentitiis
745 3611 890 3661 tribunitiis
908 3628 934 3664 a.
953 3607 978 3660 d.
994 3606 1067 3658 XV!
1076 3605 1140 3656 ital.
1157 3607 1282 3659 sextiles.

310 3683 410 3801 copiis,
430 3682 594 3740 amisorum,
623 3683 775 3740 clientium,
795 3682 952 3738 tribulium,
971 3680 1129 3729 vicinorum.
1167 3673 1343 3730 aintratt.
1404 3713 1406 3726 .

158 3740 161 3751 ’
259 3747 332 3799 55—-
355 3751 383 3802 4.
404 3752 437 3803 de
453 3750 512 3802 Pet.
533 3743 604 3805 cons.
622 3750 769 3819 §.liseqq
790 3751 860 3801 lior.
878 3752 933 3803 0d.
948 3750 995 3798 lll
1012 3750 1045 3808 l,
1066 3747 1111 3801 16.
1129 3777 1161 3787 -
1200 3749 1341 3816 inquisitio.
1405 3769 1406 3778 ¹

258 3819 382 3871 Verbum
403 3823 522 3873 forense.
558 3822 672 3872 Nomine
695 3823 808 3891 alicujus
834 3821 868 3871 sd
890 3826 1044 3890 praetorem
1065 3819 1176 3878 delato,
1206 3827 1342 3870 aecusator

244 3892 425 3960 provinciam
454 3900 536 3960 atque
566 3892 887 3960 diens-inquirendorum
919 3892 976 3960 ejus
1006 3890 1099 3940 arimin
1121 3905 1146 3938 nr
1182 3891 1344 3956 postulabat.

261 3961 412 4032 pSeauro
428 3963 449 4030 §.
465 3963 519 4016 252
554 3963 670 4012 detulisse
688 3961 796 4020 videor,
824 3962 855 4012 L.
871 3961 978 4011 Aelium
994 3977 1084 4010 nemen
1132 3959 1291 4009 ,Muttonis
1306 3959 1343 4008 de·

262 4033 372 4082 tulisse:
391 4050 408 4080 e
420 4050 470 4099 quo
482 4051 536 4083 erem
553 4041 730 4100 quaese-eretur,
750 4051 827 4099 quem
836 4033 1000 4100 provisiolum
1011 4038 1058 4080 aret
1073 4047 1151 4094 quam
1162 4030 1234 4078 diersa
1246 4031 1344 4080 testinis

258 4103 421 4178 postularet,
441 4104 532 4154 berem
547 4104 599 4154 sa'lri
617 4109 744 4160 oetaeum,
763 4103 823 4152 dure
837 4106 866 4153 in
882 4102 941 4169 foro
956 4102 1068 4151 bouario
1086 4100 1244 4164 inqrsireret,
1261 4109 1343 4169 pestu-
1405 4113 1406 4140 t

125 4225 127 4230 .
204 4231 206 4236 ,
258 4178 336 4228 lauit.
372 4191 397 4224 r.
416 4175 562 4226 Aesonium
580 4176 607 4223 ln
625 4181 684 4242 arg}
701 4172 836 4242 lnsjusor.
865 4170 924 4226 cic.
947 4169 1125 4223 invernA.
1145 4170 1172 4220 Ω.
1198 4177 1227 4222 et
1242 4179 1299 4227 not.
1314 4169 1343 4219 ad

260 4246 422 4299 lloseionarn
443 4247 464 4313 ᾖ.
482 4243 509 4296 8.
773 4239 775 4248 “
1234 4235 1262 4252 ”

311 4315 486 4375 declarantis,
519 4320 630 4363 onustore
656 4313 750 4381 Quint.
773 4312 817 4362 IV
839 4313 875 4372 2,
903 4311 942 4363 99
979 4318 1022 4362 est
1048 4309 1195 4377 [eremium
1218 4311 1341 4360 notionum

176 4401 179 4406 ’
260 4385 404 4437 meditatio.
424 4416 454 4427 -
492 4385 563 4437 Tres
584 4384 655 4436 Pan.
675 4384 750 4436 052.
770 4385 850 4436 Parr-
872 4383 902 4436 8.
917 4381 990 4434 viee.
1007 4379 1101 4432 Guelf.
1121 4381 1185 4432 edd.
1199 4381 1279 4434 Rom.
1293 4378 1339 4428 Ve-
