2854 5024
345 389 426 446 uno
446 387 534 446 SEX.
552 387 705 446 ROSCIO
723 387 911 446 minito
1129 389 1191 466 69

142 561 241 629 Alter
261 558 324 620 tibi
345 558 520 622 deseendit
543 558 584 620 tle
605 557 729 642 palatio
752 566 787 621 et
808 560 943 623 aedibus
967 550 1184 620 suisr'bsbet
1194 567 1255 627 153

76 645 180 708 animi
200 643 372 706 relaxandi
393 663 491 706 eausa
512 665 567 705 rus
590 665 757 705 amoenum
780 652 813 705 et
836 643 1067 715 suburbanum,
1092 641 1186 722 plura

74 737 253 812 praeterea
274 726 427 808 praedia:
465 747 572 810 neque
601 735 709 788 tamen
739 726 861 799 ullum,
897 726 963 786 nisi
984 723 1188 806 praeclarum

78 822 115 875 et
137 809 372 893 propinquatur
397 810 510 872 domus
530 810 653 870 referta
670 811 757 871 vasis
772 808 955 870 Corinthiis
979 818 1012 870 et
1025 809 1188 884 Deliacis,

76 897 115 954 iu
139 894 256 977 quibus
280 901 331 953 est
354 893 512 973 authepsa
534 892 605 966 illa,
628 915 722 978 qnam
744 902 836 955 tanto
858 893 966 974 pretio
984 914 1088 973 nuper
1106 914 1189 952 mer·

79 985 256 1050 natusest,
279 983 326 1056 ut,
350 977 406 1058 qui
421 983 667 1056 praetereuntes
677 975 717 1058 1),
741 977 819 1059 quid
838 997 956 1057 praeeo
974 983 1188 1048 enumeraret,

78 1061 283 1132 audiebant,
315 1060 449 1120 fundum
477 1061 589 1130 venire
620 1061 865 1121 arbitrarentur.
908 1059 998 1135 Quid
1018 1068 1190 1140 praeterea

80 1143 206 1205 eaelati
223 1143 376 1223 argenti?
400 1142 479 1224 quid
496 1143 662 1222 stragulae
676 1141 803 1204 vestis?
826 1142 905 1224 quid
921 1143 1081 1222 pictarum
1096 1143 1191 1204 tubu-

80 1261 186 1272 ——-

137 1301 167 1372 l)
185 1306 398 1370 praetereuntes
416 1301 540 1369 pretium
559 1302 715 1354 enumerari
734 1300 892 1365 audiebant.

136 1469 246 1521 XLVI.
282 1467 306 1536 5.
328 1468 395 1540 1155.
433 1469 619 1523 Desideratur
637 1473 860 1539 argumentatio,
886 1472 962 1541 quorl
978 1473 1052 1524 bona
1068 1489 1119 1525 nee
1145 1465 1191 1526 rs·

79 1545 144 1594 nire
164 1541 325 1610 potuerint,
353 1557 404 1592 nee
423 1543 575 1602 venierint,
604 1547 632 1593 et
657 1543 825 1613 prinicipium
849 1545 1002 1598 invectivae
1022 1546 1051 1596 in
1069 1543 1192 1614 Chryso·

101 1615 150 1665 oni
170 1612 317 1662 luxuriam.

81 1635 100 1684 g
135 1684 244 1734 ratione
264 1681 422 1750 dispositam
432 1713 446 1741 ‚·
468 1679 647 1749 subintellige
674 1681 777 1734 nillum.
818 1683 873 1734 Off.
892 1683 1018 1734 111152
1059 1683 1113 1746 Qui
1128 1701 1192 1753 pro·

2 1790 4 1800 .
81 1751 313 1805 scribuntuillarn
327 1753 430 1809 bonam,
449 1752 564 1819 beneque
582 1752 643 1802 aedi
664 1760 759 1812 eatam,
780 1771 832 1805 non
849 1757 1038 1805 existimantur
1051 1753 1192 1828 fifilplissa,

1 1870 5 1876 .
82 1827 190 1876 etiamsi
210 1823 261 1874 illa
280 1841 327 1872 ner
346 1825 415 1874 bona
434 1829 488 1880 est,
506 1841 553 1872 nee
572 1823 633 1873 aedi
653 1831 715 1873 eata
733 1820 848 1876 ratione.
1200 1831 1205 1840 ’

2 1889 3 1896 “
143 1892 293 1944 Carirnbiis
322 1900 348 1944 et
374 1893 505 1944 Deliacis.
542 1894 586 1946 ne
612 1893 654 1945 bis
682 1894 756 1946 Plin.
785 1896 822 1946 ll.
843 1893 885 1946 .N.
903 1893 1036 1946 xxxlv
1064 1895 1079 1946 l
1108 1901 1136 1946 et
1154 1894 1191 1945 ssa

8 1973 12 1980 “
75 1967 218 2032 ,Proxima
236 1964 362 2015 dieantur
379 1965 451 2014 aeris
470 1964 597 2026 anatella,
626 1965 669 2016 eni
688 1971 714 2014 et
732 1967 761 2016 in
778 1985 828 2016 usa
842 1966 993 2033 proximam
1012 1972 1052 2016 est
1067 1967 1192 2034 pretinm,

91 2039 168 2086 immo
187 2053 245 2086 uero
264 2042 327 2084 ante
346 2041 500 2106 arpentum,
520 2053 552 2085 aa
567 2053 652 2104 paene
669 2037 750 2085 etiarn
768 2044 830 2087 ante
849 2054 942 2096 aarum
963 2032 1139 2095 Corinthium.
1162 2062 1191 2073 -

1 2119 6 2151 ἴ
93 2107 155 2157 Hae
174 2124 247 2155 casus
264 2107 385 2163 miscuit,
407 2101 553 2165 Cerintho,
574 2125 652 2173 qaum
671 2113 818 2174 caperetur,
837 2110 961 2166 incensa,
980 2107 1099 2171 miraque
1119 2107 1193 2155 eirea
1231 2105 1234 2113 '

2 2215 3 2220 ,
88 2177 121 2228 id
147 2177 283 2234 inultorum
310 2175 445 2244 affectatio
471 2173 535 2244 suit.
564 2205 595 2215 —-
632 2167 832 2243 Antiquissima
860 2179 931 2227 ueris
958 2177 1050 2246 pluria
1077 2176 1194 2226 Deliaca

80 2247 158 2317 fait,
185 2253 316 2298 mercatae
343 2250 371 2298 in
389 2247 458 2301 Dela
483 2248 682 2298 concelebrante
708 2254 764 2298 toto
792 2250 863 2299 erbe.
906 2248 1076 2314 Antiquiora
1100 2253 1195 2298 tamen

83 2319 195 2371 excidio
216 2317 399 2378 Corinthiaco
419 2335 477 2370 esse
497 2318 547 2370 illa
565 2336 639 2378 rara,
654 2335 789 2380 ,monuere
810 2321 862 2370 'am
877 2319 1003 2370 Freinsb.
1023 2325 1052 2370 et
1066 2317 1193 2370 noetus

80 2392 113 2442 in
133 2389 252 2439 Hieron.
270 2387 308 2449 6,
330 2388 399 2439 616.
436 2407 460 2440 v.
481 2390 555 2440 nuk.
575 2390 611 2439 ad
628 2387 706 2439 Flor.
725 2390 759 2439 11
780 2339 827 2442 lii.

139 2461 281 2528 authepsa,
300 2477 347 2512 vas
366 2461 517 2528 aquarium,
542 2461 570 2510 in
590 2461 667 2530 eujus
685 2462 830 2527 superiore
849 2461 934 2512 tundo
953 2478 1024 2532 aqua
1043 2477 1103 2512 cum
1122 2458 1193 2510 cibis

82 2533 258 2600 coquendis,
285 2530 314 2580 in
339 2530 474 2580 interiore
500 2537 608 2590 autem,
640 2532 789 2601 interjectu
813 2532 931 2591 lamina,
958 2530 1105 2582 lubricatis
1130 2536 1191 2582 arte

1 2638 7 2672 ,Ι
81 2603 265 2660 fornacibus,
298 2601 369 2669 ignis
395 2601 597 2653 continebatur.
640 2602 704 2652 Vox
732 2608 774 2654 est
803 2599 930 2663 Graeca,
962 2608 994 2654 ut
1018 2601 1191 2670 πανθέψης,

81 2677 146 2730 ἀπὸ
168 2679 226 2730 τοῦ
244 2669 334 2740 ieras·
899 2671 907 2692 ”

140 2743 207 2809 quid
222 2759 321 2812 praeeo
339 2748 511 2792 enumeraret.
550 2740 634 2809 Quod
653 2742 737 2809 vulgo
757 2743 866 2793 editur:
890 2742 1007 2811 pretium
1032 2741 1192 2797 enumerari.

79 2814 167 2865 nulla
186 2813 266 2864 codd.
287 2813 452 2864 auctoritate
490 2811 666 2873 oniirmatur,
691 2831 806 2881 numque
825 2813 906 2863 Parr.
926 2812 1056 2862 meliores
1078 2811 1093 2862 l
1116 2817 1143 2862 et
1159 2809 1192 2866 ,4.

82 2902 150 2937 cum
171 2885 232 2934 eod.
248 2884 284 2932 G.
303 2883 396 2934 vict:
429 2831 494 2949 quii
509 2900 588 2952 preco
607 2902 682 2934 enum
700 2902 855 2941 numerare,
885 2883 973 2934 aeteri
992 2900 1052 2933 eum
1072 2882 1115 2932 ed.
1136 2880 1192 2931 llo·

79 2973 169 3006 mana
187 2953 253 3020 qnid
264 2955 401 3024 praetium
419 2972 585 3012 enurnerare,
604 2955 663 3005 velr
682 2955 748 3020 qnid
762 2956 877 3023 pretinm
895 2970 1033 3004 numerare
1053 2951 1192 3002 exbibent.

80 3026 227 3092 Equidem
245 3041 299 3076 non
317 3026 427 3092 ignoro,
445 3027 565 3092 pretium
584 3041 735 3075 numerare.
749 3043 808 3076 esse
824 3025 967 3094 pecuniam
981 3024 1067 3090 pretii
1083 3022 1192 3077 nomine

82 3099 158 3147 dare
178 3095 261 3146 alieni
280 3095 326 3163 [r.
346 3095 409 3145 Gai.
428 3095 478 3146 111
499 3093 693 3163 lbb-MlL
723 3113 809 3163 eoque
836 3113 916 3146 sensu
936 3095 1043 3161 saepius
1064 3087 1123 3160 legi
1138 3094 1193 3142 istu

1 3226 3 3231 ,
80 3167 177 3220 verbo
196 3167 268 3234 apud
284 3166 449 3216 Ciceronem
469 3172 497 3217 et
516 3167 584 3216 alius
603 3167 772 3234 scriptores3
792 3167 846 3218 sei
855 3183 935 3234 quum
952 3166 1089 3233 passivum
1105 3179 1192 3212 nume·

1 3294 4 3303 Ι
80 3239 148 3288 rari
175 3237 202 3286 in
221 3236 297 3285 nullo
319 3237 414 3288 codiee
433 3255 521 3304 neque
540 3238 568 3286 in
588 3238 631 3288 ed.
652 3238 775 3288 Romana
794 3239 946 3305 appareat,
974 3234 1029 3303 [tle
1055 3252 1109 3284 uno
1137 3232 1192 3284 Ox.

83 3308 239 3362 chartaceo
258 3324 312 3358 nou
332 3308 431 3358 attinet
449 3309 531 3374 plura
551 3308 685 3376 dieere],
713 3315 741 3359 et
760 3325 911 3376 pronomen
930 3305 995 3372 qnid
1014 3305 1048 3360 ab
1068 3304 1193 3355 omnibus

80 3381 150 3430 sere
172 3377 251 3428 libris
268 3376 337 3427 Mais
357 3378 528 3436 retinentur,
546 3397 597 3430 nee
616 3380 735 3437 uenisse,
754 3380 803 3429 sed
821 3379 911 3428 uenire
931 3377 1033 3427 dictum
1052 3377 1102 3426 sit:
1127 3374 1193 3424 mibi
1215 3407 1222 3420 .

1 3503 2 3506 ,
83 3449 226 3502 edendum
249 3449 426 3507 ,videbatun
462 3448 536 3515 quod
563 3451 728 3522 optimorum
761 3449 896 3499 librorum
923 3448 1080 3516 scripturae
1113 3462 1194 3513 quarn

81 3521 215 3591 proxime
234 3521 400 3579 accederet3
428 3521 592 3587 praesertim
617 3538 676 3569 eum
695 3521 804 3587 ineptae
823 3519 992 3588 syllabarum
1011 3517 1193 3586 repetitiones
1271 3554 1274 3561 .

83 3591 157 3642 satis
184 3590 281 3641 obviae
309 3590 364 3640 siut
388 3591 416 3640 in
443 3591 552 3660 optimis
579 3607 686 3658 queque
713 3589 872 3648 eorlieibus,
901 3595 928 3640 et
954 3590 1063 3639 literam
1083 3587 1194 3638 tirralem

4 3696 5 3699 =
82 3661 200 3730 saepius
220 3661 344 3710 omissam
365 3679 440 3719 esse,
461 3661 506 3712 vel
525 3678 557 3712 ex
576 3679 636 3729 cap.
658 3659 712 3719 lii,
737 3660 784 3709 ubi
804 3660 884 3710 Parr.
906 3658 922 3709 l
944 3664 971 3709 et
988 3659 1009 3709 t
1027 3659 1193 3730 coinfirmare,

84 3741 116 3786 et
137 3749 173 3782 ex
192 3748 215 3781 e.
234 3729 294 3790 44,
314 3730 362 3782 ubi
380 3732 463 3781 iidem
482 3731 629 3800 aare'prne
649 3749 677 3782 se
697 3731 808 3790 lerunt,
836 3729 956 3796 intelligi
975 3731 1072 3798 pessit.
1108 3729 1193 3780 Prae·

83 3807 291 3858 eonesautem
315 3805 408 3869 pretia
434 3819 623 3862 enumerasse,
653 3800 715 3853 b.e
751 3803 946 3869 praedicasse,
981 3799 1209 3867 prunurrtiusse,'

84 3877 176 3925 (locet
194 3871 271 3922 loeus
290 3873 340 3922 ille
359 3877 386 3941 p.
408 3871 523 3940 Quintio
546 3871 600 3923 lli:
637 3872 677 3922 De
697 3890 748 3938 qno
767 3872 870 3921 bomine
885 3872 1027 3939 praeconis
1044 3881 1195 3954 sust-‘pram
1265 3877 1269 3881 '

1 3943 3 3953 ¹
82 3946 183 4000 altrat,
218 3949 244 3992 et
267 3943 523 4013 pretinm'eoafieit.
561 3943 634 3994 Phil.
659 3942 692 3993 ΙΙ
714 3941 770 3994 26:
807 3941 886 3992 Bona
914 3939 962 3990 Cn.
989 3941 1108 4010 Pompeis
1133 3940 1194 3992 vari

84 4014 278 4066 acerbissimae
296 4012 416 4082 sabjecta
431 4015 583 4083 praeconis.
610 4013 666 4064 off.
685 4013 794 4064 11252
828 4010 947 4079 Bisjam
960 4011 1075 4062 vidimus
1089 4011 1196 4062 bastani

84 4090 116 4138 irs
134 4085 199 4155 {bro
215 4101 331 4150 ponere,
350 4092 376 4133 et
394 4087 462 4135 bona
481 4086 577 4135 rivium
595 4086 654 4134 uoci
673 4083 803 4152 subjicere
817 4084 968 4152 praeconis.
1146 4129 1148 4134 .

141 4153 277 4207 caelatura
295 4163 432 4220 arpentum
451 4157 572 4214 dieitur,
607 4155 726 4224 quadiu
745 4155 817 4204 rasis
837 4160 865 4204 et
883 4154 968 4220 signis
989 4158 1031 4204 est
1066 4168 1090 4202 v.
1111 4151 1192 4222 Servi

86 4230 124 4280 nd
143 4227 219 4278 Aen.
238 4225 267 4275 Χ
286 4223 355 4276 tur.
383 4225 514 4297 Stragula
532 4227 614 4275 uestis
635 4233 676 4277 est
694 4227 779 4294 pieta,
797 4223 931 4293 pretiosa,
951 4223 1087 4292 plumario
1107 4235 1193 4287 opere

86 4301 175 4350 faeta.
214 4296 297 4346 Tusa.
317 4296 344 4346 V
363 4297 418 4348 ill:
457 4295 594 4348 Collocari
605 4296 691 4364 jussit
711 4295 899 4364 [Dionpsius]
918 4294 1046 4344 bominem
1064 4293 1092 4340 in
1111 4304 1192 4340 aureo

87 4373 180 4427 terto,
205 4373 294 4418 atrato
310 4367 511 4434 pulcherrime:
534 4367 625 4417 textili
643 4365 783 4435 atr-apulo,
802 4365 950 4438 mapnifieis
969 4364 1094 4434 operibus
1107 4360 1192 4430 pieta.

87 4459 115 4492 r.
134 4439 209 4492 lior.
228 4437 271 4491 11.
291 4437 351 4489 Set.
370 4437 408 4498 3,
431 4437 497 4490 tlt.
533 4439 619 4490 verr.
637 4437 671 4490 11
691 4435 739 4490 14.»
