2766 5018
264 365 354 444 453·
645 357 973 418 oonrro

266 531 428 606 servitus,
455 527 490 590 io
522 527 679 592 servitute
706 528 900 590 dominatus.
942 525 1160 608 Otampora,
1188 533 1310 590 oneres!

150 641 156 656 ’
216 615 327 684 alliu.
349 612 510 674 Domitius
532 610 611 685 illo,
640 621 814 695 quern'nos
836 610 929 692 pueri
952 609 1140 684 consulem,
1167 631 1309 684 censorem,

265 697 452 778 pontificem
482 693 649 756 maximum
679 693 837 766 vidimus,
876 715 947 754 cum
986 693 1137 754 tribunus
1167 693 1258 773 plelris
1277 695 1308 752 ll.

266 779 432 852 Scaurum,
452 778 632 860 principem
655 775 811 849 civitatis,
832 775 867 835 in
887 775 1043 836 iudicium
1062 775 1176 856 populi
1190 785 1310 848 vocasset,

265 861 443 960 Scaurique
466 881 578 922 servus
602 860 643 920 ad
661 881 732 922 eum
747 859 829 919 clam
844 859 971 920 domum
986 857 1146 929 venisset,
1167 865 1198 920 et
1218 859 1312 918 crimina

264 945 299 1006 ln
317 946 479 1005 dominnm
496 943 677 1004 delaturum
689 964 725 1003 ac
737 963 809 1004 esec
821 941 977 1002 dixisset:
1000 940 1199 1023 apprehendi
1207 941 1231 1020 ¹)
1245 940 1312 1001 honi·

264 1027 458 1098 maniarii,
481 1025 519 1087 ad
531 1025 750 1168 Scaurumrppe
763 1024 892 1086 deduci.
914 1023 1013 1098 Vide,
1032 1023 1111 1106 quid
1122 1021 1257 1084 intersit:
1274 1023 1313 1082 etsi

264 1110 375 1192 iniquo
406 1110 576 1171 Castorem
606 1129 677 1169 cum
730 1107 840 1169 omitio
873 1129 1041 1188 comparo:
1071 1107 1133 1167 sed
1162 1113 1257 1166 tamen
1277 1104 1312 1164 ille

262 1192 393 1255 inimico
415 1214 542 1254 servum
562 1189 706 1263 remisit3
733 1199 770 1251 tu
801 1191 841 1250 ab
872 1213 931 1252 uso
954 1189 1137 1250 abduxisti:
1168 1188 1222 1250 ille
1241 1189 1314 1248 incor-

263 1285 392 1358 ruptum
414 1275 525 1336 audire
547 1273 673 1346 noluit,
695 1280 731 1333 tu
749 1273 938 1354 corrupisti:
960 1272 1018 1334 ille
1033 1272 1212 1333 adiutorem
1225 1291 1313 1332 serron

264 1366 378 1419 contra
410 1356 572 1418 domiuum
600 1355 802 1437 repudiavite
832 1366 869 1417 tu
901 1355 997 1418 etiam
1019 1362 1237 1416 accusatorem
1255 1353 1315 1414 adli·

214 1441 375 1502 sobrini.
417 1441 462 1502 nt
484 1439 584 1500 semel
604 1439 668 1499 iste
691 1445 742 1499 est
765 1447 935 1520 corruptus
959 1461 977 1500 o
997 1437 1118 1501 vobis?
1141 1457 1253 1507 nonne,
1271 1457 1315 1494 cnn

264 1531 353 1584 essct
373 1523 564 1602 productus,
587 1530 620 1583 et
642 1543 713 1582 cum
726 1529 833 1583 tecum
847 1522 977 1594 fuisset,
997 1521 1119 1600 refugit
1142 1517 1314 1599 adlegatos?

262 1605 408 1688 uoune²)
431 1604 578 1666 adhunc
601 1605 662 1665 Gn.
683 1603 860 1666 Domitium
882 1604 991 1667 venit?
1033 1603 1169 1677 Nonne,
1200 1602 1315 1666 audiente

264 1687 325 1750 lroc
347 1688 416 1749 Ser.
447 1687 619 1768 Sulpicio,
648 1687 827 1749 clarissimo
856 1688 946 1762 viro,
982 1686 1037 1771 qui
1066 1694 1136 1747 tum
1170 1707 1242 1746 casu
1260 1681 1315 1763 apol

261 1770 437 1832 Domitium
459 1771 637 1844 coenabat,
660 1779 694 1832 et
716 1770 778 1832 hoc
799 1770 839 1830 Τ.
861 1771 1048 1854 Torquato,
1078 1769 1201 1850 optimo
1223 1767 1315 1828 adoles·

262 1863 370 1940 cente,
392 1874 426 1914 se
450 1877 468 1914 a
488 1862 521 1914 te
544 1862 740 1935 corruptum,
762 1853 826 1917 tui·
840 1855 1010 1936 promissis
1026 1853 1061 1913 iu
1070 1853 1217 1913 fraudem
1235 1845 1315 1930 impul·

262 1958 330 1997 sum
353 1957 425 1998 esse
448 1937 716 1997 consessus‘est'l
745 1957 747 1964 ’
980 1944 985 1952 ’

323 2021 400 2080 Gar.
421 2019 502 2080 Xll.
545 2021 637 2097 Quae
660 2027 711 2080 est
732 2020 797 2080 ista
818 2025 884 2080 tom
903 2018 1086 2100 impudens,
1107 2026 1175 2080 tam
1196 2012 1315 2083 crudelis,

260 2109 324 2162 tam
352 2102 562 2164 immoderata
591 2103 839 2164 inhumanitas?
890 2102 1022 2163 Idcirco
1059 2103 1095 2163 iu
1124 2102 1209 2162 lianc
1237 2099 1314 2158 urben

1246 2207 1315 2226 ...ae

313 2271 342 2344 l)
358 2274 500 2344 prehendi.
538 2273 569 2344 il)
586 2293 673 2327 nonne
693 2275 784 2327 etiam.

308 2457 333 2524 ἕ.
351 2456 399 2510 51.
437 2455 485 2509 Cn.
500 2458 631 2511 Domitius
646 2458 855 2520 Ahenobarbus,
875 2461 922 2529 qui
940 2459 1035 2514 consul
1050 2459 1102 2512 luit
1118 2476 1181 2511 cum
1197 2456 1228 2510 (l.
1244 2451 1313 2506 Cassio

257 2526 354 2593 Longo
371 2545 396 2578 a.
413 2545 439 2578 u.
459 2546 482 2579 c.
499 2527 577 2589 658,
597 2549 657 2582 cum
673 2537 744 2583 essct
758 2531 824 2582 trib.
840 2531 878 2602 pl.
894 2549 917 2583 a.
935 2549 961 2583 n.
979 2529 1003 2584 c'.
1019 2529 1098 2590 650,
1124 2531 1211 2581 iratus
1225 2528 1312 2578 Scauro

154 2633 155 2640 .
228 2602 230 2608 ’
256 2599 331 2668 quod
349 2615 409 2649 enm
423 2598 451 2649 in
466 2617 597 2666 augurum
615 2601 762 2668 collegium
781 2619 835 2652 non
854 2608 1047 2669 coaptaverat,
1073 2602 1147 2652 diem
1169 2601 1195 2652 ei
1219 2597 1277 2648 dirit
1291 2591 1312 2641 nl

255 2668 401 2738 populum,
429 2674 456 2721 ct
476 2670 589 2720 multam
611 2672 765 2740 irrogavit,
793 2673 866 2740 quod
887 2674 944 2742 ejus
968 2691 1053 2742 opera
1070 2690 1151 2723 sacra
1166 2663 1312 2720 multant.

256 2739 393 2790 deminuta
410 2757 468 2790 esse
485 2737 605 2800 differet,
631 2743 736 2802 crimini
750 2742 850 2803 dabat,
878 2760 957 2794 sacra
974 2743 1087 2812 publica
1101 2743 1134 2793 Ρ.
1149 2741 1186 2792 R.
1203 2741 1272 2790 ἀιιιιιι
1283 2750 1312 2804 pt·

255 2809 372 2869 natium,
392 2827 460 2878 quae
476 2809 583 2862 Larinii
598 2811 711 2872 fierent,
731 2828 816 2881 opera
835 2815 892 2883 ejus
909 2815 994 2864 minus
1010 2819 1088 2865 recte
1104 2819 1182 2864 caste
1199 2809 1263 2866 fieri.
1278 2819 1312 2871 Ψ

257 2881 369 2933 crimine
390 2881 530 2932 absolutus
554 2888 595 2933 est
618 2883 746 2934 Scaurus.
790 2884 893 2936 Aaron.
917 2886 944 2934 in
968 2902 1008 2936 or.
1033 2883 1093 2934 Gic.
1115 2901 1143 2952 p.
1172 2883 1268 2934 Scauro
1285 2890 1311 2940 pr.

255 2950 333 3002 ldenr
349 2951 450 3002 factam
465 2958 579 3003 narrant
593 2953 648 3003 nio
664 2952 742 3004 Cass.
758 2953 787 3004 in
803 2954 901 3022 fragm.
913 2955 1034 3006 Peiresc.
1054 2953 1087 3005 G.
1104 2970 1170 3021 pag.
1183 2951 1231 3002 45.
1249 2946 1312 2997 ltein·

256 3020 581 3082 erval.M.v15‚tt.
601 3023 711 3083 addito,
740 3023 888 3076 Domitium
910 3043 926 3074 a
947 3026 1047 3094 populo
1067 3041 1128 3074 cum
1146 3029 1255 3092 propter
1268 3015 1312 3066 oli²⁵

254 3093 388 3150 virtutes,
416 3098 472 3143 tum
487 3091 538 3144 lroe
555 3095 661 3144 nominc
677 3093 806 3146 libentius
825 3103 852 3146 at
867 3097 1019 3155 consulem,
1047 3101 1074 3145 et
1091 3110 1230 3145 censorem
1250 3090 1311 3156 [aa.

256 3159 352 3228 tliiss],
381 3169 409 3212 ct
431 3162 588 3231 pontificem
607 3165 749 3216 maximum
775 3165 877 3216 factum
899 3183 965 3217 esse.
982 3193 1012 3205 -
1048 3164 1149 3214 Paullo
1168 3153 1311 3214 iniraArrl.

255 3232 325 3292 Bau.
339 3231 400 3281 Ert'.
416 3239 479 3284 octo
493 3232 572 3284 Parr.
588 3233 658 3286 Pall.
677 3235 854 3290 08x.,chn.
871 3235 1040 3305 apprehendi.
1060 3232 1121 3286 col.
1139 3235 1192 3285 Dr.
1204 3223 1311 3302 preltssdl

257 3307 285 3352 et
301 3300 375 3352 011.
392 3319 452 3352 curn
469 3304 543 3370 vulg.
565 3304 754 3374 comprehendi.
1300 3362 1304 3374 ,

309 3371 377 3421 Vide
395 3372 466 3437 quid.
505 3374 609 3426 Similis
627 3380 668 3427 est
684 3376 761 3426 locus
777 3374 806 3424 in
823 3375 907 3426 Varr.
921 3373 950 3424 V
964 3373 1018 3440 37:
1056 3372 1134 3432 Vide,
1154 3371 1218 3440 quid
1233 3365 1311 3420 interut

254 3441 325 3491 inter
346 3448 416 3491 tuum
441 3443 576 3494 libidinem
600 3445 777 3517 muJorunrque
797 3446 996 3494 auctoritateret
1016 3473 1047 3484 --
1065 3441 1115 3494 Illi
1134 3444 1233 3494 raditum
1248 3433 1310 3510 utrm

255 3509 434 3579 Syracusanis
455 3513 624 3564 ademeruntr
656 3523 686 3566 tu
707 3517 866 3566 maritimum
889 3516 1024 3584 imperium
1044 3515 1206 3565 concessisti.
1223 3539 1251 3550 ··
1278 3501 1310 3552 lli*

254 3581 377 3634 lsnbiture
390 3585 419 3634 in
435 3601 464 3634 eo
481 3584 538 3635 loco
555 3583 769 3652 Syracusanum,
798 3603 848 3652 qno
863 3603 944 3637 naues
966 3584 1089 3638 accedere
1103 3591 1224 3652 possent,
1246 3577 1310 3628 Mitt·

159 3693 162 3700 .
254 3661 334 3704 rnnt=
353 3663 381 3703 tu
395 3655 477 3706 classi
493 3663 519 3705 et
533 3657 644 3705 rensibus
660 3655 857 3725 Syracusanum
870 3673 990 3726 processe
1003 3655 1115 3706 uoluisti
1130 3663 1178 3707 cte.
1198 3671 1221 3704 v.
1234 3651 1266 3699 il)-
1277 3642 1309 3694 99·

306 3723 329 3791 ᾗ.
349 3724 397 3778 52.
433 3743 517 3776 nonne
534 3726 571 3776 ad
588 3726 663 3776 lunc.
699 3727 748 3778 Sic
773 3727 871 3778 omisso
894 3732 935 3782 τῶ
961 3727 1056 3784 ctiam,
1082 3725 1168 3776 Arclr.
1194 3721 1249 3773 Eri.
1271 3721 1309 3767 trel

253 3791 333 3847 Parr.
352 3793 424 3845 011.
439 3796 471 3846 1..
485 3799 513 3848 in
528 3815 561 3846 m.
575 3795 664 3848 1584.
699 3797 824 3848 Verbum
838 3781 938 3868 rcfiaqit
954 3797 1070 3847 alcestin
1084 3813 1164 3846 noun.
1180 3792 1253 3846 codd.
1266 3804 1283 3837 v·
1294 3799 1308 3830 t*

254 3864 282 3912 iu
299 3870 364 3914 text.
382 3864 447 3916 Par.
461 3867 488 3919 ὅ.
515 3865 585 3917 lude
599 3867 666 3916 Bas.
680 3866 744 3918 Par.
763 3867 809 3918 10.
828 3866 900 3918 051.
916 3867 1003 3918 Vens
1020 3866 1201 3937 ficissetrepis
1215 3859 1248 3913 od
1258 3858 1308 3926 ltfft·

253 3937 315 3985 tor?
346 3934 411 3993 Par.
425 3936 459 3987 8:
482 3936 579 4005 fuisset
593 3935 693 4004 refingit
707 3937 743 3988 cd
760 3937 861 4007 lcpctos
875 3938 954 4007 repis.
1136 3963 1138 3972 ι

307 4005 335 4054 in
350 4002 479 4071 francilem.
516 4008 584 4059 Ten·
598 4008 686 4067 Andr.
704 4005 732 4056 V
746 4005 783 4070 4,
803 4008 837 4058 7ι
877 4007 948 4058 Tunc
964 4007 1006 4057 iric
1023 4007 1138 4057 loomines
1159 3999 1307 4056 adolemus·

253 4074 295 4124 los
315 4103 346 4113 -
366 4075 395 4126 in
409 4075 529 4142 fraudem
552 4078 651 4136 illicis,
686 4077 856 4128 sollicitando
882 4086 908 4128 rt
927 4077 1104 4147 pollicitando
1126 4093 1212 4126 eorum
1232 4068 1306 4120 „aiau

253 4144 361 4194 luctor?
396 4147 463 4196 Alia
480 4155 521 4200 cst
535 4149 591 4219 lruj.
610 4149 694 4199 locut.
710 4149 873 4215 significatio
890 4151 918 4200 in
931 4167 970 4198 or.
987 4167 1014 4218 p.
1030 4149 1061 4199 S.
1076 4149 1158 4198 Rosa.
1175 4147 1197 4213 ξ
1212 4139 1253 4193 liii-

303 4216 388 4265 XII.
409 4224 462 4268 tam
477 4220 618 4288 impudens.
655 4219 787 4270 Nonnulli
802 4219 896 4270 Larnlr.
916 4220 995 4271 codd.
1014 4224 1134 4270 etvetus
1153 4212 1240 4268 Ursini
1254 4206 1305 4256 libes

254 4300 314 4334 curn
337 4286 409 4338 0lx.
427 4290 561 4356 praelocui
577 4291 701 4360 impotens
718 4289 810 4359 [Οὔκ.
823 4291 955 4360 potens]‚
983 4290 1000 4339 i.
1024 4309 1047 4340 c.
1074 4288 1217 4343 effrenata,
1239 4289 1304 4342 saona·

252 4371 278 4406 r.
303 4355 374 4407 Phil.
396 4359 422 4407 V
446 4357 465 4410 9
487 4366 515 4411 et
543 4359 589 4412 16.
631 4363 665 4414 In
688 4361 782 4450 verleio
797 4379 872 4432 seqq.
899 4360 997 4413 Goion.
1015 4358 1088 4412 021.
1109 4377 1176 4430 prae
1193 4372 1220 4408 sc
1236 4347 1304 4401 rerunt
