<?xml version="1.0" encoding="UTF-8"?>
<!DOCTYPE html PUBLIC "-//W3C//DTD XHTML 1.0 Transitional//EN"
    "http://www.w3.org/TR/xhtml1/DTD/xhtml1-transitional.dtd">
<html xmlns="http://www.w3.org/1999/xhtml" xml:lang="en" lang="en">
 <head>
  <title>
</title>
<meta http-equiv="Content-Type" content="text/html;charset=utf-8" />
  <meta name='ocr-system' content='tesseract 3.04.00' />
  <meta name='ocr-capabilities' content='ocr_page ocr_carea ocr_par ocr_line ocrx_word'/>
</head>
<body>
  <div class='ocr_page' id='page_1' title='image "./mtulliiciceroni67cicegoog/mtulliiciceroni67cicegoog_0228.png"; bbox 0 0 2782 5022; ppageno 0'>
   <div class='ocr_carea' id='block_1_1' title="bbox 328 382 1117 464">
    <p class='ocr_par' dir='ltr' id='par_1_1' title="bbox 328 382 1117 464">
     <span class='ocr_line' id='line_1_1' title="bbox 328 382 1117 464; baseline 0.008 -24"><span class='ocrx_word' id='word_1_1' title='bbox 328 382 390 440; x_wconf 73' lang='lat' dir='ltr'><strong>,ru</strong></span> <span class='ocrx_word' id='word_1_2' title='bbox 415 384 450 440; x_wconf 82' lang='lat' dir='ltr'><strong>n.</strong></span> <span class='ocrx_word' id='word_1_3' title='bbox 477 383 780 442; x_wconf 82' lang='lat' dir='ltr'><strong>enrrnrnnu.</strong></span> <span class='ocrx_word' id='word_1_4' title='bbox 1033 386 1117 464; x_wconf 74' lang='lat'><strong>229</strong></span> 
     </span>
    </p>
   </div>
   <div class='ocr_carea' id='block_1_2' title="bbox 10 544 1200 2480">
    <p class='ocr_par' dir='ltr' id='par_1_2' title="bbox 49 544 1200 1883">
     <span class='ocr_line' id='line_1_2' title="bbox 54 544 1119 636; baseline -0.002 -20"><span class='ocrx_word' id='word_1_5' title='bbox 54 544 131 636; x_wconf 84' lang='lat' dir='ltr'><strong>nepe</strong></span> <span class='ocrx_word' id='word_1_6' title='bbox 150 554 240 614; x_wconf 87' lang='lat' dir='ltr'><strong>etiam</strong></span> <span class='ocrx_word' id='word_1_7' title='bbox 253 553 280 636; x_wconf 84' lang='lat'><strong>²)</strong></span> <span class='ocrx_word' id='word_1_8' title='bbox 300 552 444 615; x_wconf 82' lang='lat' dir='ltr'>libenter</span> <span class='ocrx_word' id='word_1_9' title='bbox 465 554 705 636; x_wconf 85' lang='lat' dir='ltr'><strong>oppetiverunt.</strong></span> <span class='ocrx_word' id='word_1_10' title='bbox 747 555 891 615; x_wconf 81' lang='lat' dir='ltr'><strong>Vincula</strong></span> <span class='ocrx_word' id='word_1_11' title='bbox 910 575 1001 630; x_wconf 85' lang='lat' dir='ltr'><strong>vero,</strong></span> <span class='ocrx_word' id='word_1_12' title='bbox 1024 561 1060 614; x_wconf 86' lang='lat' dir='ltr'><strong>et</strong></span> <span class='ocrx_word' id='word_1_13' title='bbox 1080 575 1119 614; x_wconf 91' lang='lat' dir='ltr'><strong>ea</strong></span> 
     </span>
     <span class='ocr_line' id='line_1_3' title="bbox 54 636 1117 718; baseline 0 -20"><span class='ocrx_word' id='word_1_14' title='bbox 54 636 219 718; x_wconf 85' lang='lat' dir='ltr'><strong>sempiterna</strong></span> <span class='ocrx_word' id='word_1_15' title='bbox 228 681 238 710; x_wconf 92' lang='lat'><strong>,</strong></span> <span class='ocrx_word' id='word_1_16' title='bbox 267 645 355 698; x_wconf 88' lang='lat' dir='ltr'><strong>certe</strong></span> <span class='ocrx_word' id='word_1_17' title='bbox 387 638 427 698; x_wconf 93' lang='lat' dir='ltr'><strong>ad</strong></span> <span class='ocrx_word' id='word_1_18' title='bbox 457 637 650 718; x_wconf 76' lang='lat' dir='ltr'>singularem</span> <span class='ocrx_word' id='word_1_19' title='bbox 678 660 816 718; x_wconf 87' lang='lat' dir='ltr'><strong>poenam</strong></span> <span class='ocrx_word' id='word_1_20' title='bbox 842 639 958 698; x_wconf 84' lang='lat' dir='ltr'><strong>nefarii</strong></span> <span class='ocrx_word' id='word_1_21' title='bbox 981 637 1117 699; x_wconf 86' lang='lat' dir='ltr'><strong>sceleris</strong></span> 
     </span>
     <span class='ocr_line' id='line_1_4' title="bbox 52 720 1118 802; baseline 0.003 -24"><span class='ocrx_word' id='word_1_22' title='bbox 52 721 159 780; x_wconf 82' lang='lat' dir='ltr'><strong>inventa</strong></span> <span class='ocrx_word' id='word_1_23' title='bbox 180 727 262 780; x_wconf 88' lang='lat' dir='ltr'><strong>sunt.</strong></span> <span class='ocrx_word' id='word_1_24' title='bbox 303 720 495 802; x_wconf 84' lang='lat' dir='ltr'><strong>Municipiis</strong></span> <span class='ocrx_word' id='word_1_25' title='bbox 527 722 695 801; x_wconf 86' lang='lat' dir='ltr'><strong>dispertiri</strong></span> <span class='ocrx_word' id='word_1_26' title='bbox 725 722 827 792; x_wconf 89' lang='lat' dir='ltr'><strong>iubet.</strong></span> <span class='ocrx_word' id='word_1_27' title='bbox 871 721 1004 781; x_wconf 83' lang='lat' dir='ltr'><strong>Habere</strong></span> <span class='ocrx_word' id='word_1_28' title='bbox 1026 721 1118 781; x_wconf 84' lang='lat' dir='ltr'><strong>vide·</strong></span> 
     </span>
     <span class='ocr_line' id='line_1_5' title="bbox 52 803 1117 885; baseline 0.002 -23"><span class='ocrx_word' id='word_1_29' title='bbox 52 812 91 862; x_wconf 89' lang='lat' dir='ltr'><strong>tur</strong></span> <span class='ocrx_word' id='word_1_30' title='bbox 107 804 163 863; x_wconf 86' lang='lat' dir='ltr'><strong>ista</strong></span> <span class='ocrx_word' id='word_1_31' title='bbox 183 825 232 863; x_wconf 89' lang='lat' dir='ltr'><strong>res</strong></span> <span class='ocrx_word' id='word_1_32' title='bbox 254 803 479 885; x_wconf 85' lang='lat' dir='ltr'><strong>iniquitatem,</strong></span> <span class='ocrx_word' id='word_1_33' title='bbox 511 804 540 864; x_wconf 89' lang='lat' dir='ltr'><strong>si</strong></span> <span class='ocrx_word' id='word_1_34' title='bbox 561 805 718 885; x_wconf 82' lang='lat' dir='ltr'><strong>imperare</strong></span> <span class='ocrx_word' id='word_1_35' title='bbox 741 805 840 865; x_wconf 85' lang='lat' dir='ltr'><strong>velis:</strong></span> <span class='ocrx_word' id='word_1_36' title='bbox 874 803 1117 878; x_wconf 80' lang='lat' dir='ltr'><strong>difficultatem,</strong></span> 
     </span>
     <span class='ocr_line' id='line_1_6' title="bbox 52 886 1167 968; baseline -0.001 -24"><span class='ocrx_word' id='word_1_37' title='bbox 52 887 197 964; x_wconf 76' lang='lat' dir='ltr'><strong>sirogare.</strong></span> <span class='ocrx_word' id='word_1_38' title='bbox 219 887 412 949; x_wconf 75' lang='lat' dir='ltr'><strong>decernatur</strong></span> <span class='ocrx_word' id='word_1_39' title='bbox 433 897 557 960; x_wconf 89' lang='lat' dir='ltr'><strong>tamen,</strong></span> <span class='ocrx_word' id='word_1_40' title='bbox 591 889 619 948; x_wconf 91' lang='lat' dir='ltr'><strong>si</strong></span> <span class='ocrx_word' id='word_1_41' title='bbox 651 886 768 968; x_wconf 82' lang='lat' dir='ltr'><strong>placet.</strong></span> <span class='ocrx_word' id='word_1_42' title='bbox 814 887 883 968; x_wconf 71' lang='lat' dir='ltr'><strong>Ego</strong></span> <span class='ocrx_word' id='word_1_43' title='bbox 907 887 1118 948; x_wconf 81' lang='lat' dir='ltr'><strong>enimsusci-</strong></span> <span class='ocrx_word' id='word_1_44' title='bbox 1147 889 1167 942; x_wconf 85' lang='lat'>8</span> 
     </span>
     <span class='ocr_line' id='line_1_7' title="bbox 51 969 1120 1054; baseline 0.006 -27"><span class='ocrx_word' id='word_1_45' title='bbox 51 969 126 1048; x_wconf 88' lang='lat' dir='ltr'><strong>piam,</strong></span> <span class='ocrx_word' id='word_1_46' title='bbox 146 977 187 1043; x_wconf 89' lang='lat' dir='ltr'><strong>et,</strong></span> <span class='ocrx_word' id='word_1_47' title='bbox 209 978 244 1029; x_wconf 91' lang='lat' dir='ltr'><strong>ut</strong></span> <span class='ocrx_word' id='word_1_48' title='bbox 266 991 374 1050; x_wconf 88' lang='lat' dir='ltr'><strong>spero,</strong></span> <span class='ocrx_word' id='word_1_49' title='bbox 396 970 567 1051; x_wconf 82' lang='lat' dir='ltr'>reperiam,</span> <span class='ocrx_word' id='word_1_50' title='bbox 592 970 715 1054; x_wconf 91' lang='lat' dir='ltr'><strong>quiid,</strong></span> <span class='ocrx_word' id='word_1_51' title='bbox 738 971 826 1054; x_wconf 89' lang='lat' dir='ltr'><strong>quod</strong></span> <span class='ocrx_word' id='word_1_52' title='bbox 845 971 960 1031; x_wconf 87' lang='lat' dir='ltr'><strong>salutis</strong></span> <span class='ocrx_word' id='word_1_53' title='bbox 981 970 1120 1033; x_wconf 87' lang='lat' dir='ltr'><strong>omnium</strong></span> 
     </span>
     <span class='ocr_line' id='line_1_8' title="bbox 51 1053 1121 1135; baseline 0.004 -25"><span class='ocrx_word' id='word_1_54' title='bbox 51 1074 127 1110; x_wconf 86' lang='lat' dir='ltr'><strong>causa</strong></span> <span class='ocrx_word' id='word_1_55' title='bbox 152 1054 352 1126; x_wconf 83' lang='lat' dir='ltr'><strong>statueritis,</strong></span> <span class='ocrx_word' id='word_1_56' title='bbox 384 1075 449 1113; x_wconf 90' lang='lat' dir='ltr'><strong>non</strong></span> <span class='ocrx_word' id='word_1_57' title='bbox 478 1061 594 1135; x_wconf 86' lang='lat' dir='ltr'><strong>putent</strong></span> <span class='ocrx_word' id='word_1_58' title='bbox 624 1076 697 1114; x_wconf 87' lang='lat' dir='ltr'><strong>esse</strong></span> <span class='ocrx_word' id='word_1_59' title='bbox 727 1075 804 1114; x_wconf 87' lang='lat' dir='ltr'><strong>suae</strong></span> <span class='ocrx_word' id='word_1_60' title='bbox 835 1053 1008 1133; x_wconf 70' lang='lat' dir='ltr'><strong>dignitatis</strong></span> <span class='ocrx_word' id='word_1_61' title='bbox 1027 1075 1121 1114; x_wconf 87' lang='lat' dir='ltr'><strong>reeu-</strong></span> 
     </span>
     <span class='ocr_line' id='line_1_9' title="bbox 51 1135 1121 1220; baseline 0.004 -28"><span class='ocrx_word' id='word_1_62' title='bbox 51 1155 113 1193; x_wconf 88' lang='lat' dir='ltr'><strong>sare.</strong></span> <span class='ocrx_word' id='word_1_63' title='bbox 150 1135 306 1216; x_wconf 77' lang='lat' dir='ltr'><strong>Adiungit</strong></span> <span class='ocrx_word' id='word_1_64' title='bbox 324 1158 451 1216; x_wconf 64' lang='lat' dir='ltr'><strong>gravem</strong></span> <span class='ocrx_word' id='word_1_65' title='bbox 467 1158 603 1216; x_wconf 86' lang='lat' dir='ltr'><strong>poenam</strong></span> <span class='ocrx_word' id='word_1_66' title='bbox 620 1137 850 1217; x_wconf 81' lang='lat' dir='ltr'><strong>municipibus,</strong></span> <span class='ocrx_word' id='word_1_67' title='bbox 862 1138 902 1196; x_wconf 72' lang='lat' dir='ltr'><strong>&#39;si</strong></span> <span class='ocrx_word' id='word_1_68' title='bbox 920 1137 991 1220; x_wconf 90' lang='lat' dir='ltr'><strong>quis</strong></span> <span class='ocrx_word' id='word_1_69' title='bbox 1009 1158 1121 1196; x_wconf 86' lang='lat' dir='ltr'><strong>eorum</strong></span> 
     </span>
     <span class='ocr_line' id='line_1_10' title="bbox 49 1217 1121 1300; baseline 0.004 -24"><span class='ocrx_word' id='word_1_70' title='bbox 49 1217 153 1276; x_wconf 83' lang='lat' dir='ltr'><strong>vincula</strong></span> <span class='ocrx_word' id='word_1_71' title='bbox 173 1221 315 1300; x_wconf 82' lang='lat' dir='ltr'><strong>ruperit:</strong></span> <span class='ocrx_word' id='word_1_72' title='bbox 348 1219 523 1280; x_wconf 83' lang='lat' dir='ltr'><strong>horribiles</strong></span> <span class='ocrx_word' id='word_1_73' title='bbox 548 1220 713 1280; x_wconf 82' lang='lat' dir='ltr'><strong>custodies</strong></span> <span class='ocrx_word' id='word_1_74' title='bbox 738 1221 934 1293; x_wconf 84' lang='lat' dir='ltr'><strong>circumdat,</strong></span> <span class='ocrx_word' id='word_1_75' title='bbox 966 1227 999 1279; x_wconf 91' lang='lat' dir='ltr'><strong>et</strong></span> <span class='ocrx_word' id='word_1_76' title='bbox 1021 1220 1121 1299; x_wconf 70' lang='lat' dir='ltr'><strong>digna</strong></span> 
     </span>
     <span class='ocr_line' id='line_1_11' title="bbox 50 1299 1120 1385; baseline 0.004 -27"><span class='ocrx_word' id='word_1_77' title='bbox 50 1299 149 1362; x_wconf 85' lang='lat' dir='ltr'><strong>scelere</strong></span> <span class='ocrx_word' id='word_1_78' title='bbox 170 1301 331 1363; x_wconf 90' lang='lat' dir='ltr'><strong>hominum</strong></span> <span class='ocrx_word' id='word_1_79' title='bbox 352 1303 553 1384; x_wconf 89' lang='lat' dir='ltr'><strong>perditorum</strong></span> <span class='ocrx_word' id='word_1_80' title='bbox 576 1304 698 1364; x_wconf 79' lang='lat' dir='ltr'><strong>sancit:</strong></span> <span class='ocrx_word' id='word_1_81' title='bbox 733 1325 773 1362; x_wconf 90' lang='lat' dir='ltr'><strong>ne</strong></span> <span class='ocrx_word' id='word_1_82' title='bbox 803 1305 877 1385; x_wconf 88' lang='lat' dir='ltr'><strong>quis</strong></span> <span class='ocrx_word' id='word_1_83' title='bbox 908 1324 1016 1362; x_wconf 90' lang='lat' dir='ltr'><strong>eorum</strong></span> <span class='ocrx_word' id='word_1_84' title='bbox 1040 1325 1120 1384; x_wconf 90' lang='lat' dir='ltr'><strong>poe·</strong></span> 
     </span>
     <span class='ocr_line' id='line_1_12' title="bbox 50 1380 1200 1468; baseline 0.006 -29"><span class='ocrx_word' id='word_1_85' title='bbox 50 1404 121 1458; x_wconf 87' lang='lat' dir='ltr'><strong>nan,</strong></span> <span class='ocrx_word' id='word_1_86' title='bbox 142 1407 217 1468; x_wconf 88' lang='lat' dir='ltr'><strong>quos</strong></span> <span class='ocrx_word' id='word_1_87' title='bbox 242 1386 446 1458; x_wconf 78' lang='lat' dir='ltr'><strong>condemnat,</strong></span> <span class='ocrx_word' id='word_1_88' title='bbox 469 1395 524 1446; x_wconf 87' lang='lat' dir='ltr'><strong>aut</strong></span> <span class='ocrx_word' id='word_1_89' title='bbox 545 1404 605 1468; x_wconf 91' lang='lat' dir='ltr'><strong>per</strong></span> <span class='ocrx_word' id='word_1_90' title='bbox 627 1394 784 1460; x_wconf 89' lang='lat' dir='ltr'><strong>senatum,</strong></span> <span class='ocrx_word' id='word_1_91' title='bbox 808 1395 863 1446; x_wconf 83' lang='lat' dir='ltr'><strong>aut</strong></span> <span class='ocrx_word' id='word_1_92' title='bbox 884 1409 943 1468; x_wconf 90' lang='lat' dir='ltr'><strong>per</strong></span> <span class='ocrx_word' id='word_1_93' title='bbox 963 1385 1120 1466; x_wconf 90' lang='lat' dir='ltr'><strong>populum</strong></span> <span class='ocrx_word' id='word_1_94' title='bbox 1198 1380 1200 1388; x_wconf 60' lang='grc'>’</span> 
     </span>
     <span class='ocr_line' id='line_1_13' title="bbox 49 1464 1120 1553; baseline 0.006 -31"><span class='ocrx_word' id='word_1_95' title='bbox 49 1464 134 1526; x_wconf 79' lang='lat' dir='ltr'><strong>levare</strong></span> <span class='ocrx_word' id='word_1_96' title='bbox 153 1471 277 1549; x_wconf 80' lang='lat' dir='ltr'><strong>possitr</strong></span> <span class='ocrx_word' id='word_1_97' title='bbox 313 1469 411 1550; x_wconf 88' lang='lat' dir='ltr'><strong>eripit</strong></span> <span class='ocrx_word' id='word_1_98' title='bbox 435 1467 530 1528; x_wconf 88' lang='lat' dir='ltr'><strong>etiam</strong></span> <span class='ocrx_word' id='word_1_99' title='bbox 554 1491 663 1550; x_wconf 90' lang='lat' dir='ltr'><strong>spem,</strong></span> <span class='ocrx_word' id='word_1_100' title='bbox 698 1491 778 1553; x_wconf 82' lang='lat' dir='ltr'><strong>quae</strong></span> <span class='ocrx_word' id='word_1_101' title='bbox 810 1470 880 1530; x_wconf 83' lang='lat' dir='ltr'><strong>sola</strong></span> <span class='ocrx_word' id='word_1_102' title='bbox 903 1469 1063 1530; x_wconf 87' lang='lat' dir='ltr'><strong>bominem</strong></span> <span class='ocrx_word' id='word_1_103' title='bbox 1084 1469 1120 1528; x_wconf 89' lang='lat' dir='ltr'><strong>in</strong></span> 
     </span>
     <span class='ocr_line' id='line_1_14' title="bbox 49 1543 1118 1633; baseline 0.005 -28"><span class='ocrx_word' id='word_1_104' title='bbox 49 1549 160 1610; x_wconf 88' lang='lat' dir='ltr'><strong>miseriis</strong></span> <span class='ocrx_word' id='word_1_105' title='bbox 184 1543 347 1613; x_wconf 76' lang='lat' dir='ltr'><strong>consolari</strong></span> <span class='ocrx_word' id='word_1_106' title='bbox 369 1549 463 1611; x_wconf 90' lang='lat' dir='ltr'><strong>solet.</strong></span> <span class='ocrx_word' id='word_1_107' title='bbox 503 1551 588 1612; x_wconf 90' lang='lat' dir='ltr'><strong>bona</strong></span> <span class='ocrx_word' id='word_1_108' title='bbox 620 1562 788 1633; x_wconf 84' lang='lat' dir='ltr'><strong>praeterea</strong></span> <span class='ocrx_word' id='word_1_109' title='bbox 818 1552 980 1633; x_wconf 84' lang='lat' dir='ltr'><strong>publicari</strong></span> <span class='ocrx_word' id='word_1_110' title='bbox 1009 1552 1118 1612; x_wconf 86' lang='lat' dir='ltr'><strong>iubet:</strong></span> 
     </span>
     <span class='ocr_line' id='line_1_15' title="bbox 49 1631 1119 1717; baseline 0.006 -29"><span class='ocrx_word' id='word_1_111' title='bbox 49 1631 122 1692; x_wconf 81' lang='lat' dir='ltr'><strong>ritum</strong></span> <span class='ocrx_word' id='word_1_112' title='bbox 143 1634 241 1694; x_wconf 83' lang='lat' dir='ltr'><strong>solam</strong></span> <span class='ocrx_word' id='word_1_113' title='bbox 263 1633 421 1717; x_wconf 83' lang='lat' dir='ltr'><strong>relinquit</strong></span> <span class='ocrx_word' id='word_1_114' title='bbox 443 1633 575 1696; x_wconf 80' lang='lat' dir='ltr'><strong>nefariis</strong></span> <span class='ocrx_word' id='word_1_115' title='bbox 599 1632 800 1694; x_wconf 80' lang='lat' dir='ltr'><strong>bominibus:</strong></span> <span class='ocrx_word' id='word_1_116' title='bbox 824 1658 917 1717; x_wconf 83' lang='lat' dir='ltr'><strong>quarn</strong></span> <span class='ocrx_word' id='word_1_117' title='bbox 936 1635 964 1696; x_wconf 87' lang='lat' dir='ltr'><strong>si</strong></span> <span class='ocrx_word' id='word_1_118' title='bbox 982 1635 1119 1715; x_wconf 87' lang='lat' dir='ltr'><strong>eripuis-</strong></span> 
     </span>
     <span class='ocr_line' id='line_1_16' title="bbox 50 1705 1119 1798; baseline 0.007 -28"><span class='ocrx_word' id='word_1_119' title='bbox 50 1722 102 1787; x_wconf 86' lang='lat' dir='ltr'><strong>set,</strong></span> <span class='ocrx_word' id='word_1_120' title='bbox 128 1718 240 1777; x_wconf 85' lang='lat' dir='ltr'><strong>multas</strong></span> <span class='ocrx_word' id='word_1_121' title='bbox 275 1739 337 1777; x_wconf 90' lang='lat' dir='ltr'><strong>uno</strong></span> <span class='ocrx_word' id='word_1_122' title='bbox 368 1716 481 1776; x_wconf 91' lang='lat' dir='ltr'><strong>dolore</strong></span> <span class='ocrx_word' id='word_1_123' title='bbox 514 1716 610 1776; x_wconf 84' lang='lat' dir='ltr'><strong>animi</strong></span> <span class='ocrx_word' id='word_1_124' title='bbox 640 1726 736 1798; x_wconf 89' lang='lat' dir='ltr'><strong>atque</strong></span> <span class='ocrx_word' id='word_1_125' title='bbox 761 1705 930 1798; x_wconf 77' lang='lat' dir='ltr'><strong>eorporis,</strong></span> <span class='ocrx_word' id='word_1_126' title='bbox 953 1725 986 1777; x_wconf 89' lang='lat' dir='ltr'><strong>et</strong></span> <span class='ocrx_word' id='word_1_127' title='bbox 1009 1739 1119 1778; x_wconf 87' lang='lat' dir='ltr'><strong>omnes</strong></span> 
     </span>
     <span class='ocr_line' id='line_1_17' title="bbox 51 1799 1121 1883; baseline 0.007 -31"><span class='ocrx_word' id='word_1_128' title='bbox 51 1799 179 1860; x_wconf 84' lang='lat' dir='ltr'><strong>scelerum</strong></span> <span class='ocrx_word' id='word_1_129' title='bbox 202 1823 325 1881; x_wconf 86' lang='lat' dir='ltr'><strong>poenas</strong></span> <span class='ocrx_word' id='word_1_130' title='bbox 350 1801 535 1859; x_wconf 79' lang='lat' dir='ltr'><strong>ademisset.</strong></span> <span class='ocrx_word' id='word_1_131' title='bbox 578 1800 695 1881; x_wconf 83' lang='lat' dir='ltr'><strong>Itaque</strong></span> <span class='ocrx_word' id='word_1_132' title='bbox 720 1807 758 1858; x_wconf 89' lang='lat' dir='ltr'><strong>ut</strong></span> <span class='ocrx_word' id='word_1_133' title='bbox 781 1800 889 1883; x_wconf 84' lang='lat' dir='ltr'><strong>aliqua</strong></span> <span class='ocrx_word' id='word_1_134' title='bbox 912 1801 946 1858; x_wconf 93' lang='lat' dir='ltr'><strong>in</strong></span> <span class='ocrx_word' id='word_1_135' title='bbox 967 1801 1034 1862; x_wconf 85' lang='lat' dir='ltr'><strong>vita</strong></span> <span class='ocrx_word' id='word_1_136' title='bbox 1056 1801 1121 1860; x_wconf 84' lang='lat' dir='ltr'><strong>lor·</strong></span> 
     </span>
    </p>

    <p class='ocr_par' dir='ltr' id='par_1_3' title="bbox 10 1879 1121 2130">
     <span class='ocr_line' id='line_1_18' title="bbox 10 1879 1121 1964; baseline 0.007 -28"><span class='ocrx_word' id='word_1_137' title='bbox 10 1921 14 1930; x_wconf 83' lang='lat'><strong>.</strong></span> <span class='ocrx_word' id='word_1_138' title='bbox 51 1879 111 1940; x_wconf 87' lang='lat' dir='ltr'><strong>nido</strong></span> <span class='ocrx_word' id='word_1_139' title='bbox 130 1884 283 1964; x_wconf 87' lang='lat' dir='ltr'><strong>improbis</strong></span> <span class='ocrx_word' id='word_1_140' title='bbox 308 1891 395 1944; x_wconf 87' lang='lat' dir='ltr'><strong>essct</strong></span> <span class='ocrx_word' id='word_1_141' title='bbox 417 1881 545 1964; x_wconf 84' lang='lat' dir='ltr'><strong>posita,</strong></span> <span class='ocrx_word' id='word_1_142' title='bbox 580 1883 665 1963; x_wconf 92' lang='lat' dir='ltr'><strong>apud</strong></span> <span class='ocrx_word' id='word_1_143' title='bbox 696 1883 819 1942; x_wconf 83' lang='lat' dir='ltr'><strong>inferos</strong></span> <span class='ocrx_word' id='word_1_144' title='bbox 842 1883 1000 1943; x_wconf 89' lang='lat' dir='ltr'><strong>eiusmodi</strong></span> <span class='ocrx_word' id='word_1_145' title='bbox 1023 1906 1121 1964; x_wconf 82' lang='lat' dir='ltr'><strong>quae-</strong></span> 
     </span>
     <span class='ocr_line' id='line_1_19' title="bbox 55 1961 1119 2050; baseline 0.008 -31"><span class='ocrx_word' id='word_1_146' title='bbox 55 1961 101 2022; x_wconf 86' lang='lat' dir='ltr'><strong>dau</strong></span> <span class='ocrx_word' id='word_1_147' title='bbox 119 1966 165 2026; x_wconf 93' lang='lat' dir='ltr'><strong>illi</strong></span> <span class='ocrx_word' id='word_1_148' title='bbox 184 1961 311 2050; x_wconf 81' lang='lat' dir='ltr'><strong>antiqui</strong></span> <span class='ocrx_word' id='word_1_149' title='bbox 329 1965 493 2047; x_wconf 82' lang='lat' dir='ltr'><strong>supplicia</strong></span> <span class='ocrx_word' id='word_1_150' title='bbox 507 1964 614 2046; x_wconf 87' lang='lat' dir='ltr'><strong>impiis</strong></span> <span class='ocrx_word' id='word_1_151' title='bbox 637 1965 815 2025; x_wconf 85' lang='lat' dir='ltr'><strong>constituta</strong></span> <span class='ocrx_word' id='word_1_152' title='bbox 839 1988 910 2025; x_wconf 89' lang='lat' dir='ltr'><strong>esse</strong></span> <span class='ocrx_word' id='word_1_153' title='bbox 931 1966 1119 2027; x_wconf 89' lang='lat' dir='ltr'><strong>voluerunt:</strong></span> 
     </span>
     <span class='ocr_line' id='line_1_20' title="bbox 54 2047 1120 2130; baseline 0.005 -26"><span class='ocrx_word' id='word_1_154' title='bbox 54 2049 112 2125; x_wconf 76' lang='lat' dir='ltr'><strong>qaod</strong></span> <span class='ocrx_word' id='word_1_155' title='bbox 132 2050 288 2111; x_wconf 86' lang='lat' dir='ltr'><strong>videlieet</strong></span> <span class='ocrx_word' id='word_1_156' title='bbox 309 2049 551 2130; x_wconf 69' lang='lat' dir='ltr'><strong>intelligebant,</strong></span> <span class='ocrx_word' id='word_1_157' title='bbox 573 2047 624 2107; x_wconf 89' lang='lat' dir='ltr'><strong>bis</strong></span> <span class='ocrx_word' id='word_1_158' title='bbox 640 2050 786 2124; x_wconf 89' lang='lat' dir='ltr'><strong>remotis,</strong></span> <span class='ocrx_word' id='word_1_159' title='bbox 808 2071 873 2109; x_wconf 89' lang='lat' dir='ltr'><strong>uon</strong></span> <span class='ocrx_word' id='word_1_160' title='bbox 893 2069 965 2109; x_wconf 86' lang='lat' dir='ltr'><strong>esse</strong></span> <span class='ocrx_word' id='word_1_161' title='bbox 984 2057 1120 2110; x_wconf 89' lang='lat' dir='ltr'><strong>mortem</strong></span> 
     </span>
    </p>

    <p class='ocr_par' dir='ltr' id='par_1_4' title="bbox 10 2127 448 2215">
     <span class='ocr_line' id='line_1_21' title="bbox 10 2127 448 2215; baseline 0.011 -27"><span class='ocrx_word' id='word_1_162' title='bbox 10 2129 12 2202; x_wconf 26' lang='grc' dir='ltr'>ᾗ</span> <span class='ocrx_word' id='word_1_163' title='bbox 51 2127 127 2206; x_wconf 86' lang='lat' dir='ltr'><strong>ipsam</strong></span> <span class='ocrx_word' id='word_1_164' title='bbox 146 2133 448 2215; x_wconf 88' lang='lat' dir='ltr'><strong>pertimescendam.</strong></span> 
     </span>
    </p>

    <p class='ocr_par' dir='ltr' id='par_1_5' title="bbox 10 2215 1167 2382">
     <span class='ocr_line' id='line_1_22' title="bbox 10 2215 1167 2297; baseline -0.009 -17"><span class='ocrx_word' id='word_1_165' title='bbox 10 2275 12 2280; x_wconf 12' lang='grc' dir='ltr'>χ</span> <span class='ocrx_word' id='word_1_166' title='bbox 95 2217 163 2289; x_wconf 74' lang='lat' dir='ltr'><strong>Cur.</strong></span> <span class='ocrx_word' id='word_1_167' title='bbox 185 2219 225 2278; x_wconf 89' lang='lat' dir='ltr'><strong>V.</strong></span> <span class='ocrx_word' id='word_1_168' title='bbox 271 2218 376 2292; x_wconf 89' lang='lat' dir='ltr'><strong>Nune,</strong></span> <span class='ocrx_word' id='word_1_169' title='bbox 399 2223 508 2297; x_wconf 83' lang='lat' dir='ltr'><strong>patres</strong></span> <span class='ocrx_word' id='word_1_170' title='bbox 533 2215 724 2297; x_wconf 82' lang='lat' dir='ltr'><strong>conscripti,</strong></span> <span class='ocrx_word' id='word_1_171' title='bbox 747 2237 807 2296; x_wconf 74' lang='lat' dir='ltr'><strong>ego</strong></span> <span class='ocrx_word' id='word_1_172' title='bbox 829 2237 898 2276; x_wconf 86' lang='lat' dir='ltr'><strong>mea</strong></span> <span class='ocrx_word' id='word_1_173' title='bbox 920 2215 1017 2277; x_wconf 87' lang='lat' dir='ltr'><strong>video</strong></span> <span class='ocrx_word' id='word_1_174' title='bbox 1037 2215 1116 2297; x_wconf 91' lang='lat' dir='ltr'><strong>quid</strong></span> <span class='ocrx_word' id='word_1_175' title='bbox 1146 2220 1167 2270; x_wconf 77' lang='lat' dir='ltr'><strong>e</strong></span> 
     </span>
     <span class='ocr_line' id='line_1_23' title="bbox 10 2295 1119 2382; baseline 0.006 -30"><span class='ocrx_word' id='word_1_176' title='bbox 10 2353 12 2360; x_wconf 63' lang='lat'><strong>.</strong></span> <span class='ocrx_word' id='word_1_177' title='bbox 48 2295 163 2360; x_wconf 87' lang='lat' dir='ltr'><strong>intersit.</strong></span> <span class='ocrx_word' id='word_1_178' title='bbox 188 2302 242 2376; x_wconf 21' lang='lat' dir='ltr'><strong>,Si</strong></span> <span class='ocrx_word' id='word_1_179' title='bbox 266 2301 358 2360; x_wconf 89' lang='lat' dir='ltr'><strong>eritis</strong></span> <span class='ocrx_word' id='word_1_180' title='bbox 381 2300 487 2360; x_wconf 87' lang='lat' dir='ltr'><strong>secuti</strong></span> <span class='ocrx_word' id='word_1_181' title='bbox 509 2300 702 2373; x_wconf 84' lang='lat' dir='ltr'><strong>sententiam</strong></span> <span class='ocrx_word' id='word_1_182' title='bbox 719 2299 758 2359; x_wconf 84' lang='lat' dir='ltr'><strong>C.</strong></span> <span class='ocrx_word' id='word_1_183' title='bbox 776 2298 944 2360; x_wconf 85' lang='lat' dir='ltr'><strong>Caesaris:</strong></span> <span class='ocrx_word' id='word_1_184' title='bbox 969 2299 1119 2382; x_wconf 84' lang='lat' dir='ltr'><strong>quoniam</strong></span> 
     </span>
    </p>

    <p class='ocr_par' dir='ltr' id='par_1_6' title="bbox 10 2377 1169 2480">
     <span class='ocr_line' id='line_1_24' title="bbox 10 2377 1169 2480; baseline 0.006 -45"><span class='ocrx_word' id='word_1_185' title='bbox 10 2413 11 2423; x_wconf 73' lang='lat'><strong>.</strong></span> <span class='ocrx_word' id='word_1_186' title='bbox 49 2377 112 2440; x_wconf 86' lang='lat' dir='ltr'><strong>lane</strong></span> <span class='ocrx_word' id='word_1_187' title='bbox 131 2384 157 2443; x_wconf 90' lang='lat' dir='ltr'><strong>is</strong></span> <span class='ocrx_word' id='word_1_188' title='bbox 178 2385 212 2443; x_wconf 91' lang='lat' dir='ltr'><strong>in</strong></span> <span class='ocrx_word' id='word_1_189' title='bbox 235 2383 406 2464; x_wconf 87' lang='lat' dir='ltr'><strong>republica</strong></span> <span class='ocrx_word' id='word_1_190' title='bbox 427 2383 530 2458; x_wconf 81' lang='lat' dir='ltr'><strong>viam,</strong></span> <span class='ocrx_word' id='word_1_191' title='bbox 554 2406 635 2466; x_wconf 87' lang='lat' dir='ltr'><strong>quae</strong></span> <span class='ocrx_word' id='word_1_192' title='bbox 656 2381 823 2464; x_wconf 79' lang='lat' dir='ltr'><strong>popularis</strong></span> <span class='ocrx_word' id='word_1_193' title='bbox 846 2381 1004 2456; x_wconf 88' lang='lat' dir='ltr'><strong>babetur,</strong></span> <span class='ocrx_word' id='word_1_194' title='bbox 1027 2405 1118 2442; x_wconf 86' lang='lat' dir='ltr'><strong>secu·</strong></span> <span class='ocrx_word' id='word_1_195' title='bbox 1164 2459 1169 2480; x_wconf 41' lang='grc' dir='ltr'><strong><em>Ι</em></strong></span> 
     </span>
    </p>
   </div>
   <div class='ocr_carea' id='block_1_3' title="bbox 11 2541 318 2612">
    <p class='ocr_par' dir='ltr' id='par_1_7' title="bbox 11 2541 318 2612">
     <span class='ocr_line' id='line_1_25' title="bbox 11 2541 318 2612; baseline 0.013 -22"><span class='ocrx_word' id='word_1_196' title='bbox 11 2565 12 2570; x_wconf 51' lang='grc'>’</span> <span class='ocrx_word' id='word_1_197' title='bbox 86 2541 110 2608; x_wconf 91' lang='lat' dir='ltr'><strong>l)</strong></span> <span class='ocrx_word' id='word_1_198' title='bbox 127 2545 205 2594; x_wconf 85' lang='lat' dir='ltr'><strong>etiam</strong></span> <span class='ocrx_word' id='word_1_199' title='bbox 224 2561 318 2612; x_wconf 81' lang='lat' dir='ltr'><strong>saepe.</strong></span> 
     </span>
    </p>
   </div>
   <div class='ocr_carea' id='block_1_4' title="bbox 47 2636 374 2655">
    <p class='ocr_par' dir='ltr' id='par_1_8' title="bbox 47 2636 374 2655">
     <span class='ocr_line' id='line_1_26' title="bbox 47 2636 374 2655; baseline 0 0"><span class='ocrx_word' id='word_1_200' title='bbox 47 2636 374 2655; x_wconf 48' lang='grc' dir='ltr'>Ἢ</span> 
     </span>
    </p>
   </div>
   <div class='ocr_carea' id='block_1_5' title="bbox 30 2709 1179 4525">
    <p class='ocr_par' dir='ltr' id='par_1_9' title="bbox 83 2709 1118 2783">
     <span class='ocr_line' id='line_1_27' title="bbox 83 2709 1118 2783; baseline 0.005 -25"><span class='ocrx_word' id='word_1_201' title='bbox 83 2712 229 2782; x_wconf 74' lang='lat' dir='ltr'><strong>nursieipiis,</strong></span> <span class='ocrx_word' id='word_1_202' title='bbox 250 2731 302 2780; x_wconf 86' lang='lat' dir='ltr'><strong>per</strong></span> <span class='ocrx_word' id='word_1_203' title='bbox 309 2711 455 2778; x_wconf 79' lang='lat' dir='ltr'><strong>municipia</strong></span> <span class='ocrx_word' id='word_1_204' title='bbox 463 2710 534 2762; x_wconf 82' lang='lat' dir='ltr'><strong>Sall.</strong></span> <span class='ocrx_word' id='word_1_205' title='bbox 546 2709 609 2762; x_wconf 81' lang='lat' dir='ltr'><strong>cat.</strong></span> <span class='ocrx_word' id='word_1_206' title='bbox 618 2710 655 2763; x_wconf 75' lang='lat' dir='ltr'><strong>iil</strong></span> <span class='ocrx_word' id='word_1_207' title='bbox 668 2733 677 2772; x_wconf 80' lang='lat'>3</span> <span class='ocrx_word' id='word_1_208' title='bbox 696 2711 883 2783; x_wconf 83' lang='lat' dir='ltr'><strong>municipatim</strong></span> <span class='ocrx_word' id='word_1_209' title='bbox 891 2713 969 2764; x_wconf 84' lang='lat' dir='ltr'><strong>Suet.</strong></span> <span class='ocrx_word' id='word_1_210' title='bbox 979 2711 1059 2762; x_wconf 84' lang='lat' dir='ltr'><strong>(lues.</strong></span> <span class='ocrx_word' id='word_1_211' title='bbox 1071 2710 1118 2763; x_wconf 77' lang='lat' dir='ltr'><strong>tt.</strong></span> 
     </span>
    </p>

    <p class='ocr_par' dir='ltr' id='par_1_10' title="bbox 30 2780 1119 2924">
     <span class='ocr_line' id='line_1_28' title="bbox 83 2780 1119 2852; baseline 0.005 -25"><span class='ocrx_word' id='word_1_212' title='bbox 83 2787 104 2828; x_wconf 87' lang='lat' dir='ltr'><strong>et</strong></span> <span class='ocrx_word' id='word_1_213' title='bbox 118 2800 155 2832; x_wconf 85' lang='lat' dir='ltr'><strong>ea.</strong></span> <span class='ocrx_word' id='word_1_214' title='bbox 192 2785 225 2832; x_wconf 87' lang='lat' dir='ltr'><strong>de</strong></span> <span class='ocrx_word' id='word_1_215' title='bbox 244 2783 324 2833; x_wconf 85' lang='lat' dir='ltr'><strong>Finn.</strong></span> <span class='ocrx_word' id='word_1_216' title='bbox 339 2784 356 2832; x_wconf 92' lang='grc' dir='ltr'>Ι</span> <span class='ocrx_word' id='word_1_217' title='bbox 374 2781 428 2840; x_wconf 74' lang='lat'><strong>20,</strong></span> <span class='ocrx_word' id='word_1_218' title='bbox 448 2780 505 2831; x_wconf 69' lang='lat'><strong>652</strong></span> <span class='ocrx_word' id='word_1_219' title='bbox 538 2781 672 2852; x_wconf 82' lang='lat' dir='ltr'><strong>Epicurus</strong></span> <span class='ocrx_word' id='word_1_220' title='bbox 690 2802 743 2838; x_wconf 83' lang='lat' dir='ltr'><strong>una</strong></span> <span class='ocrx_word' id='word_1_221' title='bbox 759 2783 897 2841; x_wconf 82' lang='lat' dir='ltr'><strong>inderno,</strong></span> <span class='ocrx_word' id='word_1_222' title='bbox 923 2791 950 2834; x_wconf 87' lang='lat' dir='ltr'><strong>et</strong></span> <span class='ocrx_word' id='word_1_223' title='bbox 965 2801 997 2832; x_wconf 88' lang='lat' dir='ltr'><strong>ea</strong></span> <span class='ocrx_word' id='word_1_224' title='bbox 1014 2783 1119 2850; x_wconf 72' lang='lat' dir='ltr'><strong>quidem</strong></span> 
     </span>
     <span class='ocr_line' id='line_1_29' title="bbox 30 2853 728 2924; baseline 0.009 -25"><span class='ocrx_word' id='word_1_225' title='bbox 30 2853 136 2917; x_wconf 61' lang='lat' dir='ltr'><strong>&#39;amostra</strong></span> <span class='ocrx_word' id='word_1_226' title='bbox 151 2871 228 2919; x_wconf 75' lang='lat' dir='ltr'><strong>quarn</strong></span> <span class='ocrx_word' id='word_1_227' title='bbox 247 2871 355 2924; x_wconf 76' lang='lat' dir='ltr'><strong>rnupnos</strong></span> <span class='ocrx_word' id='word_1_228' title='bbox 371 2854 455 2903; x_wconf 83' lang='lat' dir='ltr'><strong>tenuit</strong></span> <span class='ocrx_word' id='word_1_229' title='bbox 469 2853 611 2903; x_wconf 86' lang='lat' dir='ltr'><strong>umieorurn</strong></span> <span class='ocrx_word' id='word_1_230' title='bbox 626 2870 728 2922; x_wconf 72' lang='lat' dir='ltr'><strong>prepes.</strong></span> 
     </span>
    </p>

    <p class='ocr_par' dir='ltr' id='par_1_11' title="bbox 41 2919 1174 3277">
     <span class='ocr_line' id='line_1_30' title="bbox 83 2919 1174 2997; baseline 0.004 -24"><span class='ocrx_word' id='word_1_231' title='bbox 83 2922 102 2986; x_wconf 68' lang='grc' dir='ltr'><strong>ξ.</strong></span> <span class='ocrx_word' id='word_1_232' title='bbox 121 2921 146 2973; x_wconf 81' lang='lat'><strong>8.</strong></span> <span class='ocrx_word' id='word_1_233' title='bbox 179 2942 301 2992; x_wconf 80' lang='lat' dir='ltr'><strong>poenam.</strong></span> <span class='ocrx_word' id='word_1_234' title='bbox 338 2925 393 2972; x_wconf 87' lang='lat' dir='ltr'><strong>Dio</strong></span> <span class='ocrx_word' id='word_1_235' title='bbox 409 2923 487 2986; x_wconf 72' lang='lat' dir='ltr'><strong>(lass.</strong></span> <span class='ocrx_word' id='word_1_236' title='bbox 503 2919 652 2974; x_wconf 83' lang='lat' dir='ltr'>XXXVII</span> <span class='ocrx_word' id='word_1_237' title='bbox 666 2923 722 2974; x_wconf 80' lang='grc'><strong>56.</strong></span> <span class='ocrx_word' id='word_1_238' title='bbox 757 2925 792 2979; x_wconf 82' lang='grc' dir='ltr'><strong>Ὀ·</strong></span> <span class='ocrx_word' id='word_1_239' title='bbox 809 2927 927 2997; x_wconf 76' lang='grc' dir='ltr'><strong>Καῖςαρ</strong></span> <span class='ocrx_word' id='word_1_240' title='bbox 949 2951 979 2961; x_wconf 95' lang='grc'>-</span> <span class='ocrx_word' id='word_1_241' title='bbox 1001 2923 1119 2991; x_wconf 76' lang='grc' dir='ltr'><strong><em>γνώμην</em></strong></span> <span class='ocrx_word' id='word_1_242' title='bbox 1170 2964 1174 2977; x_wconf 70' lang='lat'><strong>.</strong></span> 
     </span>
     <span class='ocr_line' id='line_1_31' title="bbox 42 2983 1155 3066; baseline 0.006 -28"><span class='ocrx_word' id='word_1_243' title='bbox 42 2983 125 3064; x_wconf 78' lang='lat' dir='ltr'><strong>ideas,</strong></span> <span class='ocrx_word' id='word_1_244' title='bbox 149 2989 238 3056; x_wconf 79' lang='grc' dir='ltr'><em>δῆσαί</em></span> <span class='ocrx_word' id='word_1_245' title='bbox 253 3014 283 3049; x_wconf 80' lang='grc' dir='ltr'><strong>τε</strong></span> <span class='ocrx_word' id='word_1_246' title='bbox 298 2997 428 3066; x_wconf 74' lang='grc' dir='ltr'>αὐτοὺς,</span> <span class='ocrx_word' id='word_1_247' title='bbox 454 2999 506 3048; x_wconf 77' lang='grc' dir='ltr'><strong>καὶ</strong></span> <span class='ocrx_word' id='word_1_248' title='bbox 530 2998 556 3061; x_wconf 77' lang='grc' dir='ltr'><strong>ἐς</strong></span> <span class='ocrx_word' id='word_1_249' title='bbox 575 2994 672 3060; x_wconf 62' lang='grc' dir='ltr'><strong>πόλεις</strong></span> <span class='ocrx_word' id='word_1_250' title='bbox 689 2993 802 3059; x_wconf 76' lang='grc' dir='ltr'><strong>ἄλλους</strong></span> <span class='ocrx_word' id='word_1_251' title='bbox 815 2992 894 3057; x_wconf 75' lang='grc' dir='ltr'><strong>ἄλλη</strong></span> <span class='ocrx_word' id='word_1_252' title='bbox 910 2992 1117 3064; x_wconf 64' lang='grc' dir='ltr'><strong><em>καταθέσθαι,</em></strong></span> <span class='ocrx_word' id='word_1_253' title='bbox 1152 3019 1155 3023; x_wconf 90' lang='grc'><strong>-</strong></span> 
     </span>
     <span class='ocr_line' id='line_1_32' title="bbox 41 3061 1119 3138; baseline 0.006 -29"><span class='ocrx_word' id='word_1_254' title='bbox 41 3064 86 3112; x_wconf 74' lang='grc' dir='ltr'><strong>τῶν</strong></span> <span class='ocrx_word' id='word_1_255' title='bbox 105 3065 207 3120; x_wconf 76' lang='grc' dir='ltr'><strong><em>οὐσιῶν</em></strong></span> <span class='ocrx_word' id='word_1_256' title='bbox 226 3065 450 3138; x_wconf 66' lang='grc' dir='ltr'><strong>ἐστερημὲὐους,</strong></span> <span class='ocrx_word' id='word_1_257' title='bbox 476 3067 521 3120; x_wconf 77' lang='lat' dir='ltr'><strong>ini</strong></span> <span class='ocrx_word' id='word_1_258' title='bbox 535 3071 576 3120; x_wconf 78' lang='grc' dir='ltr'><strong>τῶ</strong></span> <span class='ocrx_word' id='word_1_259' title='bbox 593 3062 857 3136; x_wconf 60' lang='lat' dir='ltr'><strong>perscrutatum</strong></span> <span class='ocrx_word' id='word_1_260' title='bbox 874 3061 916 3117; x_wconf 80' lang='grc' dir='ltr'><strong>’ἑτι</strong></span> <span class='ocrx_word' id='word_1_261' title='bbox 933 3063 1033 3116; x_wconf 78' lang='grc' dir='ltr'><strong><em>αὐτῶν</em></strong></span> <span class='ocrx_word' id='word_1_262' title='bbox 1047 3079 1119 3136; x_wconf 74' lang='grc' dir='ltr'><em>γρη-</em></span> 
     </span>
     <span class='ocr_line' id='line_1_33' title="bbox 42 3117 1117 3208; baseline 0 -23"><span class='ocrx_word' id='word_1_263' title='bbox 42 3134 202 3208; x_wconf 57' lang='lat' dir='ltr'><strong>parietinas</strong></span> <span class='ocrx_word' id='word_1_264' title='bbox 219 3154 291 3191; x_wconf 78' lang='grc' dir='ltr'><strong>ποτε</strong></span> <span class='ocrx_word' id='word_1_265' title='bbox 301 3131 383 3208; x_wconf 28' lang='lat' dir='ltr'><strong>,surige</strong></span> <span class='ocrx_word' id='word_1_266' title='bbox 396 3132 541 3208; x_wconf 74' lang='grc' dir='ltr'><em>διαδράσῃ</em></span> <span class='ocrx_word' id='word_1_267' title='bbox 557 3119 617 3208; x_wconf 68' lang='lat' dir='ltr'><strong>iu,</strong></span> <span class='ocrx_word' id='word_1_268' title='bbox 638 3135 667 3188; x_wconf 79' lang='grc' dir='ltr'><strong>ἐν</strong></span> <span class='ocrx_word' id='word_1_269' title='bbox 683 3134 831 3206; x_wconf 74' lang='grc' dir='ltr'><strong>πολεμίων</strong></span> <span class='ocrx_word' id='word_1_270' title='bbox 848 3135 936 3208; x_wconf 58' lang='grc' dir='ltr'><strong><em>μοίρᾳ</em></strong></span> <span class='ocrx_word' id='word_1_271' title='bbox 950 3133 1004 3192; x_wconf 72' lang='grc' dir='ltr'><strong>τήν</strong></span> <span class='ocrx_word' id='word_1_272' title='bbox 1019 3117 1117 3204; x_wconf 75' lang='lat' dir='ltr'><strong>cdliv,</strong></span> 
     </span>
     <span class='ocr_line' id='line_1_34' title="bbox 44 3195 401 3277; baseline 0.011 -23"><span class='ocrx_word' id='word_1_273' title='bbox 44 3195 65 3266; x_wconf 75' lang='grc' dir='ltr'><strong>εξ</strong></span> <span class='ocrx_word' id='word_1_274' title='bbox 80 3203 106 3266; x_wconf 68' lang='lat' dir='ltr'><strong>iu</strong></span> <span class='ocrx_word' id='word_1_275' title='bbox 122 3199 157 3256; x_wconf 80' lang='grc' dir='ltr'><strong>ἂν</strong></span> <span class='ocrx_word' id='word_1_276' title='bbox 173 3209 282 3277; x_wconf 80' lang='grc' dir='ltr'><strong>φύγοι,</strong></span> <span class='ocrx_word' id='word_1_277' title='bbox 303 3207 401 3258; x_wconf 58' lang='lat' dir='ltr'><strong>atvar!</strong></span> 
     </span>
    </p>

    <p class='ocr_par' dir='ltr' id='par_1_12' title="bbox 39 3271 1179 3838">
     <span class='ocr_line' id='line_1_35' title="bbox 82 3271 1119 3344; baseline 0.004 -26"><span class='ocrx_word' id='word_1_278' title='bbox 82 3273 170 3323; x_wconf 83' lang='lat' dir='ltr'><strong>multas</strong></span> <span class='ocrx_word' id='word_1_279' title='bbox 188 3305 219 3312; x_wconf 99' lang='lat'><em>-</em></span> <span class='ocrx_word' id='word_1_280' title='bbox 234 3292 344 3344; x_wconf 84' lang='lat' dir='ltr'><strong>poenus.</strong></span> <span class='ocrx_word' id='word_1_281' title='bbox 371 3275 432 3324; x_wconf 79' lang='lat' dir='ltr'><strong>Pal.</strong></span> <span class='ocrx_word' id='word_1_282' title='bbox 449 3281 560 3334; x_wconf 76' lang='lat' dir='ltr'><strong>sextuS,</strong></span> <span class='ocrx_word' id='word_1_283' title='bbox 581 3273 680 3322; x_wconf 84' lang='lat' dir='ltr'><strong>Colon.</strong></span> <span class='ocrx_word' id='word_1_284' title='bbox 700 3291 759 3322; x_wconf 85' lang='lat' dir='ltr'><strong>curn</strong></span> <span class='ocrx_word' id='word_1_285' title='bbox 777 3271 892 3322; x_wconf 84' lang='lat' dir='ltr'><strong>Graevii</strong></span> <span class='ocrx_word' id='word_1_286' title='bbox 909 3289 963 3322; x_wconf 86' lang='lat' dir='ltr'><strong>sec.</strong></span> <span class='ocrx_word' id='word_1_287' title='bbox 981 3273 1119 3340; x_wconf 86' lang='lat' dir='ltr'><strong>praebent</strong></span> 
     </span>
     <span class='ocr_line' id='line_1_36' title="bbox 42 3337 1117 3404; baseline 0.007 -19"><span class='ocrx_word' id='word_1_288' title='bbox 42 3338 135 3404; x_wconf 72' lang='lat' dir='ltr'><strong>nultos,</strong></span> <span class='ocrx_word' id='word_1_289' title='bbox 161 3337 232 3396; x_wconf 80' lang='lat' dir='ltr'><strong>unde</strong></span> <span class='ocrx_word' id='word_1_290' title='bbox 258 3345 381 3395; x_wconf 87' lang='lat' dir='ltr'><strong>Grutero</strong></span> <span class='ocrx_word' id='word_1_291' title='bbox 407 3346 434 3396; x_wconf 88' lang='lat' dir='ltr'><strong>et</strong></span> <span class='ocrx_word' id='word_1_292' title='bbox 460 3345 582 3395; x_wconf 85' lang='lat' dir='ltr'><strong>Graevio</strong></span> <span class='ocrx_word' id='word_1_293' title='bbox 607 3343 653 3394; x_wconf 87' lang='lat' dir='ltr'><strong>vel</strong></span> <span class='ocrx_word' id='word_1_294' title='bbox 670 3343 775 3393; x_wconf 84' lang='lat' dir='ltr'><strong>dolores</strong></span> <span class='ocrx_word' id='word_1_295' title='bbox 798 3343 1029 3401; x_wconf 84' lang='lat' dir='ltr'><strong>subaudiendum,</strong></span> <span class='ocrx_word' id='word_1_296' title='bbox 1057 3344 1117 3393; x_wconf 81' lang='lat' dir='ltr'><strong>vol:</strong></span> 
     </span>
     <span class='ocr_line' id='line_1_37' title="bbox 41 3409 1118 3482; baseline 0.009 -30"><span class='ocrx_word' id='word_1_297' title='bbox 41 3409 118 3461; x_wconf 71' lang='lat' dir='ltr'><strong>inultos</strong></span> <span class='ocrx_word' id='word_1_298' title='bbox 133 3433 182 3465; x_wconf 91' lang='lat' dir='ltr'><strong>uno</strong></span> <span class='ocrx_word' id='word_1_299' title='bbox 200 3415 294 3466; x_wconf 84' lang='lat' dir='ltr'><strong>dolere</strong></span> <span class='ocrx_word' id='word_1_300' title='bbox 321 3414 492 3466; x_wconf 84' lang='lat' dir='ltr'><strong>doloresete.</strong></span> <span class='ocrx_word' id='word_1_301' title='bbox 520 3416 666 3482; x_wconf 75' lang='lat' dir='ltr'><strong>legendnm</strong></span> <span class='ocrx_word' id='word_1_302' title='bbox 693 3432 750 3464; x_wconf 89' lang='lat' dir='ltr'><strong>esse</strong></span> <span class='ocrx_word' id='word_1_303' title='bbox 778 3413 892 3480; x_wconf 77' lang='lat' dir='ltr'><strong>placuit.</strong></span> <span class='ocrx_word' id='word_1_304' title='bbox 938 3415 996 3464; x_wconf 87' lang='lat' dir='ltr'><strong>Sed</strong></span> <span class='ocrx_word' id='word_1_305' title='bbox 1020 3413 1118 3462; x_wconf 57' lang='lat' dir='ltr'><strong>:nutus</strong></span> 
     </span>
     <span class='ocr_line' id='line_1_38' title="bbox 41 3480 1117 3551; baseline 0.007 -25"><span class='ocrx_word' id='word_1_306' title='bbox 41 3480 141 3536; x_wconf 83' lang='lat' dir='ltr'><strong>retinent</strong></span> <span class='ocrx_word' id='word_1_307' title='bbox 159 3485 217 3536; x_wconf 82' lang='lat' dir='ltr'><strong>cnm</strong></span> <span class='ocrx_word' id='word_1_308' title='bbox 241 3487 341 3537; x_wconf 88' lang='lat' dir='ltr'><strong>ceteris</strong></span> <span class='ocrx_word' id='word_1_309' title='bbox 361 3485 479 3538; x_wconf 84' lang='lat' dir='ltr'><strong>Gruteri</strong></span> <span class='ocrx_word' id='word_1_310' title='bbox 495 3492 522 3538; x_wconf 88' lang='lat' dir='ltr'><strong>et</strong></span> <span class='ocrx_word' id='word_1_311' title='bbox 540 3484 656 3536; x_wconf 82' lang='lat' dir='ltr'><strong>Graevii</strong></span> <span class='ocrx_word' id='word_1_312' title='bbox 672 3485 753 3534; x_wconf 88' lang='lat' dir='ltr'><strong>libris</strong></span> <span class='ocrx_word' id='word_1_313' title='bbox 771 3484 850 3550; x_wconf 61' lang='grc' dir='ltr'><strong>ΡΨ.</strong></span> <span class='ocrx_word' id='word_1_314' title='bbox 866 3483 951 3534; x_wconf 88' lang='lat' dir='ltr'><strong>Arcb.</strong></span> <span class='ocrx_word' id='word_1_315' title='bbox 971 3485 1040 3551; x_wconf 76' lang='lat' dir='ltr'><strong>Teg.</strong></span> <span class='ocrx_word' id='word_1_316' title='bbox 1058 3484 1117 3534; x_wconf 87' lang='lat' dir='ltr'><strong>Sal.</strong></span> 
     </span>
     <span class='ocr_line' id='line_1_39' title="bbox 41 3545 1179 3624; baseline 0.01 -29"><span class='ocrx_word' id='word_1_317' title='bbox 41 3545 89 3601; x_wconf 83' lang='lat' dir='ltr'><strong>llrf.</strong></span> <span class='ocrx_word' id='word_1_318' title='bbox 111 3563 137 3606; x_wconf 91' lang='lat' dir='ltr'><strong>et</strong></span> <span class='ocrx_word' id='word_1_319' title='bbox 158 3557 325 3624; x_wconf 74' lang='lat' dir='ltr'><strong>Anonymus.</strong></span> <span class='ocrx_word' id='word_1_320' title='bbox 360 3557 394 3606; x_wconf 92' lang='lat' dir='ltr'><strong>In</strong></span> <span class='ocrx_word' id='word_1_321' title='bbox 420 3557 557 3607; x_wconf 86' lang='lat' dir='ltr'><strong>Bavarico</strong></span> <span class='ocrx_word' id='word_1_322' title='bbox 584 3557 716 3623; x_wconf 82' lang='lat' dir='ltr'><strong>scriptum</strong></span> <span class='ocrx_word' id='word_1_323' title='bbox 738 3561 794 3605; x_wconf 86' lang='lat' dir='ltr'><strong>est:</strong></span> <span class='ocrx_word' id='word_1_324' title='bbox 826 3555 967 3620; x_wconf 83' lang='lat' dir='ltr'><strong>eripuisset</strong></span> <span class='ocrx_word' id='word_1_325' title='bbox 994 3572 1044 3604; x_wconf 79' lang='lat' dir='ltr'><strong>urso</strong></span> <span class='ocrx_word' id='word_1_326' title='bbox 1072 3555 1118 3604; x_wconf 81' lang='lat' dir='ltr'><strong>do·</strong></span> <span class='ocrx_word' id='word_1_327' title='bbox 1177 3599 1179 3606; x_wconf 81' lang='grc'>,</span> 
     </span>
     <span class='ocr_line' id='line_1_40' title="bbox 40 3617 1117 3696; baseline 0.008 -30"><span class='ocrx_word' id='word_1_328' title='bbox 40 3617 84 3670; x_wconf 83' lang='lat' dir='ltr'><strong>lore</strong></span> <span class='ocrx_word' id='word_1_329' title='bbox 97 3627 173 3695; x_wconf 81' lang='lat' dir='ltr'><strong>animi</strong></span> <span class='ocrx_word' id='word_1_330' title='bbox 191 3635 271 3694; x_wconf 83' lang='lat' dir='ltr'><strong>atque</strong></span> <span class='ocrx_word' id='word_1_331' title='bbox 286 3629 405 3696; x_wconf 80' lang='lat' dir='ltr'><strong>eorporis</strong></span> <span class='ocrx_word' id='word_1_332' title='bbox 423 3645 509 3676; x_wconf 75' lang='lat' dir='ltr'><strong>onines</strong></span> <span class='ocrx_word' id='word_1_333' title='bbox 524 3628 651 3676; x_wconf 83' lang='lat' dir='ltr'><strong>scelerum</strong></span> <span class='ocrx_word' id='word_1_334' title='bbox 665 3644 765 3694; x_wconf 84' lang='lat' dir='ltr'><strong>poenus</strong></span> <span class='ocrx_word' id='word_1_335' title='bbox 781 3625 930 3684; x_wconf 79' lang='lat' dir='ltr'><strong>ademisset.</strong></span> <span class='ocrx_word' id='word_1_336' title='bbox 951 3655 982 3664; x_wconf 86' lang='lat'><strong>-</strong></span> <span class='ocrx_word' id='word_1_337' title='bbox 1009 3624 1070 3675; x_wconf 84' lang='lat' dir='ltr'><strong>(lic.</strong></span> <span class='ocrx_word' id='word_1_338' title='bbox 1090 3643 1117 3693; x_wconf 88' lang='lat' dir='ltr'><strong>p.</strong></span> 
     </span>
     <span class='ocr_line' id='line_1_41' title="bbox 41 3688 1118 3766; baseline 0.007 -30"><span class='ocrx_word' id='word_1_339' title='bbox 41 3688 90 3740; x_wconf 82' lang='lat' dir='ltr'><strong>(lln.</strong></span> <span class='ocrx_word' id='word_1_340' title='bbox 107 3695 141 3747; x_wconf 84' lang='lat' dir='ltr'><strong>til</strong></span> <span class='ocrx_word' id='word_1_341' title='bbox 160 3705 245 3749; x_wconf 61' lang='lat' dir='ltr'><strong>extu:</strong></span> <span class='ocrx_word' id='word_1_342' title='bbox 285 3699 359 3761; x_wconf 84' lang='lat' dir='ltr'><strong>Quid</strong></span> <span class='ocrx_word' id='word_1_343' title='bbox 382 3699 416 3748; x_wconf 86' lang='lat' dir='ltr'><strong>ci&#39;</strong></span> <span class='ocrx_word' id='word_1_344' title='bbox 431 3697 537 3747; x_wconf 76' lang='lat' dir='ltr'><strong>tandein</strong></span> <span class='ocrx_word' id='word_1_345' title='bbox 560 3697 640 3748; x_wconf 74' lang='lat' dir='ltr'><strong>uliud</strong></span> <span class='ocrx_word' id='word_1_346' title='bbox 657 3715 725 3746; x_wconf 86' lang='lat' dir='ltr'><strong>mers</strong></span> <span class='ocrx_word' id='word_1_347' title='bbox 745 3698 864 3766; x_wconf 70' lang='lat' dir='ltr'><strong>eripuit,</strong></span> <span class='ocrx_word' id='word_1_348' title='bbox 882 3702 993 3764; x_wconf 83' lang='lat' dir='ltr'><strong>praeter·</strong></span> <span class='ocrx_word' id='word_1_349' title='bbox 1014 3713 1118 3746; x_wconf 83' lang='lat' dir='ltr'><strong>sensum</strong></span> 
     </span>
     <span class='ocr_line' id='line_1_42' title="bbox 39 3757 913 3838; baseline 0.014 -33"><span class='ocrx_word' id='word_1_350' title='bbox 39 3757 143 3816; x_wconf 82' lang='lat' dir='ltr'><strong>doloris?</strong></span> <span class='ocrx_word' id='word_1_351' title='bbox 179 3787 204 3820; x_wconf 87' lang='lat' dir='ltr'><strong>v.</strong></span> <span class='ocrx_word' id='word_1_352' title='bbox 221 3770 294 3819; x_wconf 83' lang='lat' dir='ltr'><strong>intra</strong></span> <span class='ocrx_word' id='word_1_353' title='bbox 314 3787 373 3838; x_wconf 87' lang='lat' dir='ltr'><strong>cap.</strong></span> <span class='ocrx_word' id='word_1_354' title='bbox 392 3768 411 3818; x_wconf 76' lang='lat' dir='ltr'><strong>li</strong></span> <span class='ocrx_word' id='word_1_355' title='bbox 429 3777 498 3820; x_wconf 84' lang='lat' dir='ltr'><strong>extr.</strong></span> <span class='ocrx_word' id='word_1_356' title='bbox 910 3769 913 3777; x_wconf 80' lang='grc'><strong>’</strong></span> 
     </span>
    </p>

    <p class='ocr_par' dir='ltr' id='par_1_13' title="bbox 40 3835 1125 4460">
     <span class='ocr_line' id='line_1_43' title="bbox 80 3835 1118 3910; baseline -0.008 -19"><span class='ocrx_word' id='word_1_357' title='bbox 80 3835 111 3886; x_wconf 81' lang='lat' dir='ltr'><strong>V·</strong></span> <span class='ocrx_word' id='word_1_358' title='bbox 129 3838 151 3904; x_wconf 73' lang='lat'><strong>§-</strong></span> <span class='ocrx_word' id='word_1_359' title='bbox 170 3838 198 3891; x_wconf 83' lang='lat'><strong>9.</strong></span> <span class='ocrx_word' id='word_1_360' title='bbox 231 3841 372 3910; x_wconf 81' lang='lat' dir='ltr'><strong>popularis</strong></span> <span class='ocrx_word' id='word_1_361' title='bbox 388 3839 511 3890; x_wconf 80' lang='lat' dir='ltr'><strong>babetur.</strong></span> <span class='ocrx_word' id='word_1_362' title='bbox 546 3855 574 3905; x_wconf 91' lang='lat' dir='ltr'><strong>p.</strong></span> <span class='ocrx_word' id='word_1_363' title='bbox 593 3837 670 3887; x_wconf 85' lang='lat' dir='ltr'><strong>Sext.</strong></span> <span class='ocrx_word' id='word_1_364' title='bbox 686 3835 745 3886; x_wconf 65' lang='lat' dir='ltr'><strong>tt:</strong></span> <span class='ocrx_word' id='word_1_365' title='bbox 778 3837 838 3886; x_wconf 80' lang='lat' dir='ltr'><strong>Duc</strong></span> <span class='ocrx_word' id='word_1_366' title='bbox 855 3853 955 3905; x_wconf 66' lang='lat' dir='ltr'><strong>genera</strong></span> <span class='ocrx_word' id='word_1_367' title='bbox 973 3853 1074 3903; x_wconf 82' lang='lat' dir='ltr'><strong>semper</strong></span> <span class='ocrx_word' id='word_1_368' title='bbox 1090 3836 1118 3884; x_wconf 90' lang='lat' dir='ltr'><strong>in</strong></span> 
     </span>
     <span class='ocr_line' id='line_1_44' title="bbox 40 3895 1117 3976; baseline -0.001 -21"><span class='ocrx_word' id='word_1_369' title='bbox 40 3895 79 3951; x_wconf 66' lang='lat' dir='ltr'><strong>lec</strong></span> <span class='ocrx_word' id='word_1_370' title='bbox 94 3909 196 3959; x_wconf 84' lang='lat' dir='ltr'><strong>civitate</strong></span> <span class='ocrx_word' id='word_1_371' title='bbox 210 3908 319 3976; x_wconf 70' lang='lat' dir='ltr'><strong>fitemnt</strong></span> <span class='ocrx_word' id='word_1_372' title='bbox 333 3928 439 3966; x_wconf 81' lang='lat' dir='ltr'><strong>eorum,</strong></span> <span class='ocrx_word' id='word_1_373' title='bbox 466 3909 514 3975; x_wconf 79' lang='lat' dir='ltr'><strong>qui</strong></span> <span class='ocrx_word' id='word_1_374' title='bbox 539 3908 643 3957; x_wconf 81' lang='lat' dir='ltr'><strong>uersari</strong></span> <span class='ocrx_word' id='word_1_375' title='bbox 667 3909 695 3956; x_wconf 92' lang='lat' dir='ltr'><strong>iu</strong></span> <span class='ocrx_word' id='word_1_376' title='bbox 716 3924 771 3973; x_wconf 84' lang='lat' dir='ltr'><strong>rep.</strong></span> <span class='ocrx_word' id='word_1_377' title='bbox 795 3915 875 3972; x_wconf 83' lang='lat' dir='ltr'><strong>atque</strong></span> <span class='ocrx_word' id='word_1_378' title='bbox 893 3907 921 3956; x_wconf 88' lang='lat' dir='ltr'><strong>in</strong></span> <span class='ocrx_word' id='word_1_379' title='bbox 936 3923 968 3955; x_wconf 84' lang='lat' dir='ltr'><strong>ea</strong></span> <span class='ocrx_word' id='word_1_380' title='bbox 986 3924 1014 3955; x_wconf 86' lang='lat' dir='ltr'><strong>se</strong></span> <span class='ocrx_word' id='word_1_381' title='bbox 1031 3905 1117 3955; x_wconf 84' lang='lat' dir='ltr'><strong>excel-</strong></span> 
     </span>
     <span class='ocr_line' id='line_1_45' title="bbox 40 3969 1117 4048; baseline 0.007 -31"><span class='ocrx_word' id='word_1_382' title='bbox 40 3969 120 4026; x_wconf 79' lang='lat' dir='ltr'><strong>lentius</strong></span> <span class='ocrx_word' id='word_1_383' title='bbox 140 3969 231 4048; x_wconf 55' lang='lat' dir='ltr'><strong>pirent</strong></span> <span class='ocrx_word' id='word_1_384' title='bbox 255 3982 436 4042; x_wconf 62' lang='lat' dir='ltr'><strong>studuerrmt&#39;s</strong></span> <span class='ocrx_word' id='word_1_385' title='bbox 463 3979 557 4046; x_wconf 80' lang='lat' dir='ltr'><strong>quibus</strong></span> <span class='ocrx_word' id='word_1_386' title='bbox 580 3996 614 4026; x_wconf 88' lang='lat' dir='ltr'><strong>ex</strong></span> <span class='ocrx_word' id='word_1_387' title='bbox 636 3977 776 4046; x_wconf 61' lang='lat' dir='ltr'><strong>generibus</strong></span> <span class='ocrx_word' id='word_1_388' title='bbox 802 3977 882 4026; x_wconf 86' lang='lat' dir='ltr'><strong>alteri</strong></span> <span class='ocrx_word' id='word_1_389' title='bbox 905 3995 933 4025; x_wconf 86' lang='lat' dir='ltr'><strong>se</strong></span> <span class='ocrx_word' id='word_1_390' title='bbox 954 3977 1117 4045; x_wconf 84' lang='lat' dir='ltr'><strong>populures,</strong></span> 
     </span>
     <span class='ocr_line' id='line_1_46' title="bbox 40 4043 1116 4116; baseline 0.008 -30"><span class='ocrx_word' id='word_1_391' title='bbox 40 4043 105 4094; x_wconf 82' lang='lat' dir='ltr'><strong>alteri</strong></span> <span class='ocrx_word' id='word_1_392' title='bbox 121 4051 255 4116; x_wconf 78' lang='lat' dir='ltr'><strong>optimates</strong></span> <span class='ocrx_word' id='word_1_393' title='bbox 275 4059 301 4100; x_wconf 86' lang='lat' dir='ltr'><strong>et</strong></span> <span class='ocrx_word' id='word_1_394' title='bbox 315 4051 409 4100; x_wconf 81' lang='lat' dir='ltr'><strong>baberi</strong></span> <span class='ocrx_word' id='word_1_395' title='bbox 425 4056 452 4097; x_wconf 86' lang='lat' dir='ltr'><strong>et</strong></span> <span class='ocrx_word' id='word_1_396' title='bbox 466 4067 522 4098; x_wconf 86' lang='lat' dir='ltr'><strong>csse</strong></span> <span class='ocrx_word' id='word_1_397' title='bbox 538 4049 688 4098; x_wconf 82' lang='lat' dir='ltr'><strong>uoluerunt.</strong></span> <span class='ocrx_word' id='word_1_398' title='bbox 728 4046 844 4108; x_wconf 76' lang='lat' dir='ltr'><strong>Quies,</strong></span> <span class='ocrx_word' id='word_1_399' title='bbox 874 4065 941 4113; x_wconf 73' lang='lat' dir='ltr'><strong>pirae</strong></span> <span class='ocrx_word' id='word_1_400' title='bbox 964 4046 1116 4114; x_wconf 66' lang='lat' dir='ltr'><strong>siciebant,</strong></span> 
     </span>
     <span class='ocr_line' id='line_1_47' title="bbox 40 4106 1117 4190; baseline 0.009 -34"><span class='ocrx_word' id='word_1_401' title='bbox 40 4126 139 4180; x_wconf 70' lang='lat' dir='ltr'><strong>ueraeque</strong></span> <span class='ocrx_word' id='word_1_402' title='bbox 155 4120 302 4178; x_wconf 56' lang='lat' dir='ltr'><strong>dicebant,</strong></span> <span class='ocrx_word' id='word_1_403' title='bbox 310 4119 434 4190; x_wconf 73' lang='lat' dir='ltr'><strong>juscundu</strong></span> <span class='ocrx_word' id='word_1_404' title='bbox 453 4106 617 4170; x_wconf 74' lang='lat' dir='ltr'><strong>multitudini</strong></span> <span class='ocrx_word' id='word_1_405' title='bbox 637 4137 692 4167; x_wconf 86' lang='lat' dir='ltr'><strong>esse</strong></span> <span class='ocrx_word' id='word_1_406' title='bbox 712 4117 854 4176; x_wconf 82' lang='lat' dir='ltr'><strong>volebant,</strong></span> <span class='ocrx_word' id='word_1_407' title='bbox 878 4119 1041 4185; x_wconf 67' lang='lat' dir='ltr'><strong>popntares,</strong></span> <span class='ocrx_word' id='word_1_408' title='bbox 1069 4118 1117 4181; x_wconf 80' lang='lat' dir='ltr'><strong>qui</strong></span> 
     </span>
     <span class='ocr_line' id='line_1_48' title="bbox 40 4188 1114 4260; baseline 0.008 -33"><span class='ocrx_word' id='word_1_409' title='bbox 40 4190 109 4233; x_wconf 79' lang='lat' dir='ltr'><strong>autern</strong></span> <span class='ocrx_word' id='word_1_410' title='bbox 123 4191 160 4237; x_wconf 87' lang='lat' dir='ltr'><strong>ita</strong></span> <span class='ocrx_word' id='word_1_411' title='bbox 176 4209 204 4238; x_wconf 82' lang='lat' dir='ltr'><strong>se</strong></span> <span class='ocrx_word' id='word_1_412' title='bbox 220 4193 361 4260; x_wconf 80' lang='lat' dir='ltr'><strong>perebnnt,</strong></span> <span class='ocrx_word' id='word_1_413' title='bbox 387 4197 417 4238; x_wconf 86' lang='lat' dir='ltr'><strong>ut</strong></span> <span class='ocrx_word' id='word_1_414' title='bbox 433 4207 483 4238; x_wconf 84' lang='lat' dir='ltr'><strong>suu</strong></span> <span class='ocrx_word' id='word_1_415' title='bbox 498 4189 612 4239; x_wconf 80' lang='lat' dir='ltr'><strong>consilia</strong></span> <span class='ocrx_word' id='word_1_416' title='bbox 629 4190 725 4255; x_wconf 83' lang='lat' dir='ltr'><strong>optimo</strong></span> <span class='ocrx_word' id='word_1_417' title='bbox 745 4191 838 4252; x_wconf 78' lang='lat' dir='ltr'><strong>cuique</strong></span> <span class='ocrx_word' id='word_1_418' title='bbox 853 4189 1017 4256; x_wconf 82' lang='lat' dir='ltr'><strong>probarent,</strong></span> <span class='ocrx_word' id='word_1_419' title='bbox 1047 4188 1114 4256; x_wconf 88' lang='lat' dir='ltr'><strong>opti-</strong></span> 
     </span>
     <span class='ocr_line' id='line_1_49' title="bbox 41 4257 1115 4330; baseline 0.003 -27"><span class='ocrx_word' id='word_1_420' title='bbox 41 4260 105 4330; x_wconf 57' lang='lat' dir='ltr'><strong>”tates</strong></span> <span class='ocrx_word' id='word_1_421' title='bbox 121 4257 290 4311; x_wconf 71' lang='lat' dir='ltr'><strong>trahebantur.</strong></span> <span class='ocrx_word' id='word_1_422' title='bbox 310 4261 344 4311; x_wconf 87' lang='lat' dir='ltr'><strong>ef.</strong></span> <span class='ocrx_word' id='word_1_423' title='bbox 361 4261 416 4311; x_wconf 82' lang='lat' dir='ltr'><strong>off.</strong></span> <span class='ocrx_word' id='word_1_424' title='bbox 434 4258 513 4309; x_wconf 68' lang='lat'><strong>125.</strong></span> <span class='ocrx_word' id='word_1_425' title='bbox 534 4260 608 4310; x_wconf 93' lang='lat' dir='ltr'><strong>Ibid.</strong></span> <span class='ocrx_word' id='word_1_426' title='bbox 625 4277 684 4326; x_wconf 83' lang='lat' dir='ltr'><strong>cop.</strong></span> <span class='ocrx_word' id='word_1_427' title='bbox 701 4258 740 4308; x_wconf 69' lang='lat'><strong>52</strong></span> <span class='ocrx_word' id='word_1_428' title='bbox 758 4265 843 4308; x_wconf 63' lang='lat' dir='ltr'><strong>extu:</strong></span> <span class='ocrx_word' id='word_1_429' title='bbox 870 4259 1003 4310; x_wconf 84' lang='lat' dir='ltr'><strong>Nonnulli</strong></span> <span class='ocrx_word' id='word_1_430' title='bbox 1019 4266 1115 4315; x_wconf 68' lang='lat' dir='ltr'><strong>tanreu,</strong></span> 
     </span>
     <span class='ocr_line' id='line_1_50' title="bbox 41 4325 1125 4402; baseline -0.002 -24"><span class='ocrx_word' id='word_1_431' title='bbox 41 4335 85 4402; x_wconf 68' lang='lat' dir='ltr'><strong>ure</strong></span> <span class='ocrx_word' id='word_1_432' title='bbox 106 4325 232 4393; x_wconf 68' lang='lat' dir='ltr'><strong>felicitate</strong></span> <span class='ocrx_word' id='word_1_433' title='bbox 257 4331 387 4398; x_wconf 69' lang='lat' dir='ltr'><strong>quartum,</strong></span> <span class='ocrx_word' id='word_1_434' title='bbox 415 4332 471 4380; x_wconf 87' lang='lat' dir='ltr'><strong>sive</strong></span> <span class='ocrx_word' id='word_1_435' title='bbox 494 4332 611 4381; x_wconf 82' lang='lat' dir='ltr'><strong>bonitate</strong></span> <span class='ocrx_word' id='word_1_436' title='bbox 634 4337 763 4385; x_wconf 83' lang='lat' dir='ltr'><strong>naturae,</strong></span> <span class='ocrx_word' id='word_1_437' title='bbox 791 4332 847 4380; x_wconf 84' lang='lat' dir='ltr'><strong>siue</strong></span> <span class='ocrx_word' id='word_1_438' title='bbox 865 4332 1016 4398; x_wconf 78' lang='lat' dir='ltr'><strong>parentium</strong></span> <span class='ocrx_word' id='word_1_439' title='bbox 1034 4327 1125 4383; x_wconf 65' lang='lat' dir='ltr'><strong>disci,</strong></span> 
     </span>
     <span class='ocr_line' id='line_1_51' title="bbox 41 4389 996 4460; baseline -0.003 -7"><span class='ocrx_word' id='word_1_440' title='bbox 41 4389 117 4454; x_wconf 64' lang='lat' dir='ltr'><strong>littus</strong></span> <span class='ocrx_word' id='word_1_441' title='bbox 134 4410 230 4452; x_wconf 84' lang='lat' dir='ltr'><strong>rectam</strong></span> <span class='ocrx_word' id='word_1_442' title='bbox 243 4404 315 4453; x_wconf 87' lang='lat' dir='ltr'><strong>vitae</strong></span> <span class='ocrx_word' id='word_1_443' title='bbox 331 4403 415 4453; x_wconf 83' lang='lat' dir='ltr'><strong>secuti</strong></span> <span class='ocrx_word' id='word_1_444' title='bbox 432 4407 495 4452; x_wconf 82' lang='lat' dir='ltr'><strong>sunt</strong></span> <span class='ocrx_word' id='word_1_445' title='bbox 512 4402 593 4454; x_wconf 81' lang='lat' dir='ltr'><strong>viurn.</strong></span> <span class='ocrx_word' id='word_1_446' title='bbox 629 4419 654 4454; x_wconf 81' lang='lat' dir='ltr'><strong>v.</strong></span> <span class='ocrx_word' id='word_1_447' title='bbox 673 4401 739 4452; x_wconf 84' lang='lat' dir='ltr'><strong>Ter.</strong></span> <span class='ocrx_word' id='word_1_448' title='bbox 757 4399 829 4454; x_wconf 77' lang='lat' dir='ltr'><strong>lies.</strong></span> <span class='ocrx_word' id='word_1_449' title='bbox 846 4401 897 4454; x_wconf 80' lang='lat' dir='ltr'><strong>Ill</strong></span> <span class='ocrx_word' id='word_1_450' title='bbox 914 4399 949 4460; x_wconf 79' lang='lat' dir='ltr'><strong>li,</strong></span> <span class='ocrx_word' id='word_1_451' title='bbox 967 4398 996 4452; x_wconf 66' lang='lat' dir='ltr'><strong>l.</strong></span> 
     </span>
    </p>

    <p class='ocr_par' dir='ltr' id='par_1_14' title="bbox 753 4493 767 4525">
     <span class='ocr_line' id='line_1_52' title="bbox 753 4493 767 4525; baseline 0 0"><span class='ocrx_word' id='word_1_452' title='bbox 753 4493 767 4525; x_wconf 63' lang='lat' dir='ltr'><strong>n</strong></span> 
     </span>
    </p>
   </div>
   <div class='ocr_carea' id='block_1_6' title="bbox 0 0 1396 5022">
    <p class='ocr_par' dir='ltr' id='par_1_15' title="bbox 0 0 1396 5022">
     <span class='ocr_line' id='line_1_53' title="bbox 0 0 1396 5022; baseline 0 2"><span class='ocrx_word' id='word_1_453' title='bbox 0 0 1396 5022; x_wconf 95' lang='lat' dir='ltr'><strong> </strong></span> 
     </span>
    </p>
   </div>
  </div>
 </body>
</html>
