2782 5022
246 341 336 420 258
576 339 1014 400 oltA'rlolv.

204 496 321 572 assos.
364 506 479 572 Omnis
499 507 712 590 ingenuorum
737 511 833 572 adeat
851 501 1047 587 multitudo,
1073 513 1178 577 ‘etiam
1199 518 1328 578 tenuissi-

253 616 386 656 morum.
430 591 511 670 Quis
529 603 580 655 cst
598 595 703 668 enim,
739 595 876 656 cuinon
898 594 978 656 haec
997 596 1142 678 templa,
1177 600 1328 682 adspectus

254 678 365 752 urbis,
387 677 554 758 possessio
576 677 763 752 libertatis,
786 677 843 740 lux
863 679 1004 761 denique
1025 680 1107 740 haec
1125 683 1218 762 ipsa,
1240 693 1269 746 ct
1282 684 1330 745 hoc

255 781 421 822 commune
450 760 573 841 patriae
598 762 702 823 solum
726 784 798 822 cum
824 761 869 824 sit
892 784 1022 837 carum,
1057 772 1124 826 tum
1151 787 1227 827 vero
1256 769 1331 828 dulce
1374 814 1375 839 ,

254 853 352 926 atque
369 845 571 918 iucundum?
792 847 796 876 ⁸
840 885 847 894 -

318 929 396 989 (lar.
428 926 527 988 VIII.
559 923 708 1008 'Operae
737 928 877 1009 pretium
907 937 977 1004 est,
1009 939 1121 1012 patres
1151 933 1331 1013 conscripti,

254 1009 481 1072 libertInorum
498 1009 661 1110 hominum
679 1012 789 1073 studia
809 1033 1030 1092 cognoscere3
1053 1015 1109 1097 qui
1125 1037 1185 1076 sua
1199 1016 1306 1077 virtute
1314 1017 1332 1098 ¹)

311 1192 341 1261 l)
359 1194 461 1247 virtute
480 1211 530 1244 sua
547 1194 686 1245 fortunam
704 1195 824 1248 civitatis
843 1212 951 1249 consec.

258 1391 329 1446 lum,
358 1389 411 1438 'titt'
427 1387 546 1437 falernis
570 1385 688 1445 elausit,
710 1384 883 1454 frequentare
903 1405 955 1438 aaa
973 1396 1092 1458 poteras.
1128 1390 1223 1452 Plaut.
1249 1390 1335 1442 Cistell

194 1503 197 1510 .
257 1461 307 1512 Il
328 1457 381 1510 102
416 1457 491 1510 Istoc
505 1455 611 1524 quiricus
624 1475 672 1508 aas
688 1458 776 1525 pretio
789 1457 872 1526 facile
891 1467 930 1511 est
944 1459 1132 1527 Frequentare
1146 1465 1209 1523 tili,
1229 1463 1336 1528 utilesque

201 1551 203 1562 ¹
258 1532 365 1584 labere.
667 1549 669 1556 ¹

310 1599 398 1651 uideo.
433 1596 502 1648 Post
517 1595 569 1647 lroc
587 1596 701 1649 verbum
720 1582 858 1650 Graevius
875 1617 907 1650 ex
924 1616 973 1650 suo
989 1601 1128 1661 secundo,
1149 1600 1252 1654 Calon.
1268 1601 1337 1652 Verd
1375 1653 1376 1660 χ

260 1679 288 1724 et
307 1670 370 1721 ErI'.
398 1687 485 1736 marg.
511 1667 610 1735 quibus
635 1667 755 1718 Barher.
780 1674 809 1733 et
831 1687 864 1720 ex
891 1670 960 1721 mels
978 1673 1192 1738 quatuordeeim
1206 1691 1273 1726 uuus
1287 1674 1338 1722 liar.

201 1759 203 1768 ’
259 1741 463 1811 adstipulatur,
490 1738 609 1812 adjecite
635 1739 668 1787 ab
685 1756 774 1788 amare
790 1738 896 1790 debitae
908 1743 1045 1808 pecuniae.
1082 1743 1213 1812 Ineptum
1231 1744 1281 1794 hac
1296 1761 1338 1793 esar
1375 1775 1376 1788 .

260 1817 405 1882 glossema,
426 1811 508 1859 docet
522 1814 549 1860 et
563 1815 719 1860 ceterorum
737 1811 816 1862 codd.
833 1812 994 1872 auctorItas,
1015 1817 1042 1863 et
1058 1813 1192 1864 scholium
1206 1813 1337 1882 Anonymi:

258 1885 323 1956 Ipso
341 1883 385 1933 elie
403 1885 580 1931 conuenerant
596 1879 633 1929 ael
651 1881 786 1930 aerariam
802 1882 925 1945 scribae,
951 1890 982 1932 rat
998 1885 1161 1934 sortirentur
1179 1886 1281 1958 officiar
1308 1883 1339 1950 qai

257 1957 348 2008 scriba
366 1959 435 2004 esset
454 1949 580 2007 consulis,
601 1951 648 2016 qui
667 1953 768 2002 tribuni
785 1951 871 2020 plebis
891 1961 940 2003 etc.
976 1953 1066 2022 quue
1085 1955 1338 2010 coufirmatAmbra.

257 2028 363 2085 sinnas,
383 2023 430 2091 qui
446 2020 533 2073 verba
551 2019 699 2104 Ciceronis
715 2023 743 2072 in
759 2021 792 2072 Ρ.
813 2020 945 2074 Clodium
961 2030 989 2076 et
1005 2024 1155 2078 Curionem
1165 2027 1200 2077 11
1213 2027 1250 2080 6:
1272 2027 1338 2075 Tarta

254 2093 782 2231 tttttz'tttttttzfitla
790 2095 1262 2236 ttttttttl‘lttttt
1278 2095 1338 2235 {tt}

257 2250 343 2294 stores
361 2235 484 2286 solebant
501 2239 535 2285 et
545 2233 659 2290 scribae,
678 2240 708 2282 ut
723 2250 774 2302 pro
789 2241 860 2284 certo
877 2245 1028 2314 appareret,
1047 2239 1075 2288 in
1091 2257 1170 2306 quarn
1180 2241 1338 2308 prouinciam,

257 2313 302 2364 uel
319 2326 376 2360 aum
393 2323 443 2372 qno
458 2301 584 2374 praeside
597 2303 838 2373 proficiscerentur.
855 2334 887 2344 -
906 2307 986 2358 Parr.
1008 2308 1034 2358 I.
1052 2308 1078 2360 2.
1098 2309 1125 2362 5.
1144 2309 1173 2360 6.
1194 2310 1242 2366 10.
1259 2311 1338 2360 Fruar.

257 2381 346 2436 Barla.
369 2378 441 2428 011.
467 2390 527 2426 cum
550 2378 669 2441 utraque
689 2374 798 2427 Veneta
816 2376 886 2426 male
906 2376 1008 2430 habent
1023 2377 1102 2449 luujua
1120 2383 1221 2440 cortu,
1250 2389 1276 2434 et
1288 2383 1339 2429 liat.

257 2471 322 2506 scae
341 2448 440 2512 sortis.¹
467 2444 533 2494 Mox
559 2445 623 2494 dedi
644 2444 757 2496 salutem
781 2464 955 2507 coramunem,
990 2468 1068 2518 quem
1096 2449 1222 2504 ordinem
1246 2457 1339 2504 tuam

259 2515 903 2642 miiiniiiBniiiiairiafflfu‘ri‘ih'u
918 2588 935 2638 1
951 2586 974 2639 c
993 2589 1077 2642 tas·
1115 2583 1184 2642 aaa
1203 2539 1214 2549 ι
1260 2505 1329 2644 nr

257 2595 356 2738 perdis.
374 2627 410 2712 ti
450 2658 532 2721 Quem
557 2605 829 2727 [carailiceriasimd
843 2608 920 2710 isicio
938 2608 1015 2727 stiria,
1042 2629 1090 2712 seii
1108 2605 1339 2714 etiamegdotiotc·

257 2757 291 2792 ae
308 2734 407 2804 spiritu
426 2728 560 2780 ceruariae
579 2727 648 2797 lepes
667 2737 747 2795 atque
766 2732 840 2780 urbis
859 2730 994 2782 domicillo
1014 2749 1106 2782 carere
1122 2734 1275 2784 oolwuut.

310 2822 400 2857 aarum
419 2828 451 2840 -
463 2798 522 2869 jue
559 2799 593 2849 de
612 2798 714 2868 llep.1
733 2799 788 2852 Ill:
821 2800 972 2852 Inter-uenit
988 2803 1033 2854 uir
1046 2803 1165 2874 prudens
1186 2807 1338 2868 omnibusque

258 2879 317 2932 illis
336 2882 362 2925 et
372 2870 510 2943 jucundus
531 2877 557 2920 et
574 2887 662 2919 carus.
995 2903 1001 2918 ,

310 2945 397 2997 vm.
434 2943 618 2992 libertinorum
635 2940 703 2991 lom.
739 2939 880 2992 Libertini
903 2948 980 3002 aunt,
1010 2944 1057 3011 qui
1079 2961 1111 2994 ex
1129 2931 1208 3016 iusta
1225 2944 1338 2996 servitute

257 3015 414 3072 manumissi
437 3018 506 3064 suut
546 3010 633 3062 Gaius
656 3011 726 3063 lust.
744 3011 761 3060 Ι
781 3013 828 3062 Il.
869 3029 894 3064 v.
911 3031 939 3081 p.
957 3013 987 3064 S.
1006 3014 1108 3066 Roscio
1127 3017 1151 3084 fi.
1169 3016 1216 3069 19.
1253 3016 1338 3064 Eorun

257 3092 315 3144 tria
332 3091 523 3142 enumerantur
542 3100 660 3151 genera:
680 3083 753 3134 cives
770 3082 896 3142 Romani,
915 3085 1007 3134 Latini
1021 3085 1143 3146 Iuniani,
1164 3087 1338 3138 dediticiorum

258 3177 382 3213 numera.
419 3155 476 3224 Qui
491 3155 578 3224 major
593 3170 724 3204 annorum
741 3154 874 3221 triginta,
903 3160 931 3206 et
946 3173 978 3206 ex
991 3157 1055 3226 jure
1074 3157 1226 3224 Quiritium
1246 3151 1337 3209 domini,

260 3239 289 3286 et
301 3233 377 3302 justa
394 3245 425 3278 ac
438 3225 563 3292 legitima
579 3225 786 3276 manumissione
803 3225 938 3276 liberatus
953 3234 1022 3285 erat,
1040 3228 1070 3276 id
1089 3235 1139 3286 est,
1159 3229 1287 3286 vindicta,
1304 3227 1338 3274 aut

261 3320 356 3363 censu,
373 3304 420 3352 aut
432 3302 607 3355 testamento,
622 3295 644 3346 is
660 3295 872 3347 civisllomanus
882 3295 975 3347 fiebat.
1003 3298 1052 3348 Sin
1063 3295 1249 3368 verolsaliquid
1264 3310 1338 3349 eoruu

212 3427 217 3436 ,
261 3375 368 3430 deerat,
380 3368 494 3419 Latinus
505 3374 565 3420 erat
578 3375 610 3418 ei
620 3367 782 3434 legcdunia.
803 3367 1007 3419 Dediticiorum
1023 3386 1134 3420 numero
1151 3387 1211 3421 esse
1228 3369 1337 3420 dicebm

259 3452 316 3504 tur,
330 3442 377 3512 qui
384 3456 489 3510 poenae
499 3455 580 3508 causa
592 3438 677 3490 vincti
688 3457 702 3488 a
713 3438 831 3497 domino,
853 3438 984 3506 quibusve
999 3441 1127 3506 stigmata
1144 3441 1286 3510 inscripta,
1303 3433 1337 3504 qui

258 3521 376 3588 propter
393 3527 490 3561 noxam
507 3509 591 3567 tortI‚
626 3516 810 3576 nocentesque
826 3509 946 3568 inventi,
982 3511 1061 3577 quire
1078 3511 1177 3561 traditi
1196 3517 1289 3568 eraut,
1316 3509 1337 3554 ui
1373 3551 1374 3562 .

258 3591 337 3640 ferro
354 3589 401 3634 aut
414 3598 475 3632 cum
491 3577 589 3630 bestiis
605 3579 811 3648 depugnarent,
831 3579 876 3631 vel
891 3581 919 3630 in
936 3582 1086 3632 custodiam
1103 3583 1224 3651 conjecti
1236 3583 1336 3632 fueraut,
1373 3577 1374 3598 ¹

217 3681 221 3696 ·
261 3665 289 3711 et
303 3662 401 3726 postea
418 3652 463 3703 rel
483 3650 517 3700 ab
535 3650 630 3702 eodem
647 3650 755 3700 domino
770 3650 815 3701 rel
834 3650 868 3699 nb
886 3651 941 3701 alio
957 3653 1112 3704 manumissi
1129 3659 1217 3705 erant.
1255 3646 1336 3700 netis

261 3735 369 3781 cautum
386 3728 447 3775 erat
462 3721 525 3788 lege
538 3720 626 3791 aelia
642 3720 754 3780 Sentio,
782 3727 813 3772 ut
827 3721 948 3789 ejusdem
966 3723 1130 3774 conditionis
1147 3723 1232 3776 liberi
1245 3723 1335 3774 serent

261 3799 339 3868 cujus
361 3792 525 3846 conditIonis
547 3796 626 3842 eraut
643 3792 786 3859 peregrini
811 3792 944 3844 dediticii.
981 3794 1162 3846 vocabantur
1185 3801 1271 3846 autem
1291 3791 1335 3844 εἰς,

261 3869 309 3938 qui
323 3865 458 3936 quondam
474 3863 605 3915 adversus
627 3862 809 3930 populum-n,
832 3863 914 3913 armis
934 3865 1069 3932 susceptis
1089 3869 1291 3934 pugnaverant,
1316 3861 1336 3907 el

261 3938 361 3991 deinde
379 3935 447 3988 victi
461 3951 490 3985 se
505 3934 678 3985 dediderant.
715 3931 805 4000 Hujus
829 3941 896 4001 ergo
914 3935 1093 4002 turpitudinis
1109 3937 1201 3996 servi,
1225 3945 1334 4004 quocun·

262 4029 315 4080 que
339 4007 420 4059 modo
447 4010 475 4057 et
500 4006 693 4074 cujuscumque
717 4005 815 4055 aetatis
841 4007 1011 4066 manumissi,
1040 4025 1184 4074 numquam
1208 4012 1253 4058 aut
1277 4003 1334 4053 uitet

260 4079 378 4133 Romani
397 4082 444 4127 aut
458 4074 550 4128 Latini
568 4075 631 4125 lieri
652 4081 792 4142 poteraut.
830 4074 918 4128 Gaius
936 4075 955 4128 l.
973 4095 996 4128 c.
1014 4078 1037 4146 ᾗ.
1058 4077 1181 4129 15-17.
1218 4075 1333 4144 Ulpianus

173 4195 177 4206 .
261 4155 290 4204 in
313 4152 425 4216 Fragm.
443 4147 466 4196 Ι.
486 4143 597 4214 §.Mi
616 4145 663 4195 II.
1373 4125 1374 4200 ¹

314 4236 365 4272 sua
390 4218 489 4268 uirtute
513 4215 649 4284 firmanam
674 4213 752 4284 liujus
779 4215 829 4267 cio.
872 4215 918 4266 Ita
942 4214 1051 4268 Erfurt.
1074 4218 1194 4286 quinque
1219 4209 1331 4266 Gruteri.
1373 4221 1374 4297 p

260 4310 353 4346 omnes
370 4287 502 4345 Graevii,
529 4287 617 4338 Bavv.
632 4285 713 4335 Parr.
728 4285 815 4336 narb.
840 4315 871 4324 -
908 4287 950 4340 At
965 4287 1060 4355 plures
1075 4287 1180 4340 Mureti
1196 4287 1274 4338 libri:
1297 4277 1331 4348 qai

256 4365 372 4436 senuna
388 4377 440 4412 aaa
456 4357 513 4429 tnj.
530 4359 582 4408 eiu.
593 4356 642 4426 jus
660 4373 761 4408 consec.
780 4362 809 4408 et
825 4356 865 4407 sic
876 4355 941 4410 Iere
960 4357 1017 4426 0¹,
1029 4371 1068 4424 sp:
1099 4361 1147 4426 quei
1169 4357 1275 4428 fmtuaa
1292 4363 1329 4402 rra
