2766 5018
265 386 349 464 456
639 381 968 438 onorio

266 553 397 635 fugitiui
427 573 483 614 ore
512 552 719 615 maledicere.
762 555 890 632 Quodsi
921 553 1109 617 saltatorem
1139 577 1223 617 avum
1247 554 1316 617 habu·

266 639 374 710 isses,
413 657 517 719 neque
554 657 625 698 eum
664 637 790 712 virum,
832 639 919 699 unde
949 638 1084 720 pudoris
1115 639 1315 720 pudicitiaeque

268 719 415 802 exempla
448 727 652 799 peterentur:
691 730 798 781 tamen
830 720 892 782 boc
929 720 1137 782 maledictum
1168 723 1315 784 minimein

267 802 358 864 illam
389 809 527 863 aetatem
549 802 749 865 conveniret.
792 803 919 880 Quibus
941 803 999 864 ille
1023 805 1142 865 studiis
1165 805 1315 864 ab'incuntc

270 893 376 948 aetate
407 906 442 946 se
468 885 646 960 imbuerat,
687 907 752 946 non
781 886 943 960 saltandi,
977 887 1035 948 sed
1065 886 1150 947 banc
1180 895 1214 948 ut
1238 887 1317 958 arnis,

270 969 390 1049 optime
419 977 454 1028 ut
484 969 577 1052 equis
607 976 772 1040 uteretura
806 990 845 1028 ea
869 980 976 1030 tamen
1008 969 1099 1031 illum
1132 979 1243 1031 cuneta
1264 968 1318 1042 ian,

270 1059 377 1112 aetate
401 1059 536 1123 exacta,
565 1052 762 1113 deiecerant.
804 1052 920 1135 ltaque
943 1052 1134 1114 Deiotarum
1158 1052 1319 1132 cumplures

269 1135 305 1194 in
327 1155 442 1215 equum
463 1135 696 1208 sustulissent,
725 1134 812 1218 quod
833 1135 967 1195 haerere
988 1135 1023 1194 in
1045 1157 1083 1196 eo
1106 1155 1207 1196 senex
1225 1141 1319 1216 posset,

270 1217 421 1280 admirari
455 1216 646 1279 solebamus.
689 1217 754 1278 llic
780 1238 857 1278 varo
889 1217 1105 1292 adolescens,
1137 1219 1194 1301 qui
1213 1217 1319 1278 neusin

271 1299 392 1360 cilicia
421 1299 534 1373 miles,
572 1301 607 1362 in
637 1300 776 1361 Graecia
806 1300 980 1362 commilito
1013 1301 1094 1374 fuit,
1135 1323 1205 1362 cum
1230 1301 1259 1360 in
1283 1298 1320 1358 illo

271 1391 384 1444 nostro
417 1384 563 1446 exercitu
594 1384 755 1466 equitaret
794 1404 864 1444 cum
899 1384 966 1443 suis
1003 1383 1143 1444 delectis
1176 1383 1322 1468 equitibus,

272 1487 353 1548 quos
376 1486 438 1525 nna
461 1487 531 1526 eum
554 1487 592 1526 eo
616 1465 656 1526 ad
677 1466 864 1546 Pompeium
886 1473 980 1546 pater
1000 1469 1153 1540 miserat,
1181 1487 1255 1549 quos
1274 1485 1321 1522 con·

274 1568 386 1608 cursus
409 1548 517 1607 facere
540 1549 694 1609 solebat?
717 1571 809 1633 quam
823 1570 857 1608 se
874 1549 1021 1610 iactare?
1051 1571 1147 1632 quam
1169 1545 1321 1609 ostentar'cl

274 1653 367 1712 quam
388 1631 508 1690 nemini
528 1631 564 1689 in
585 1629 642 1690 illa
665 1653 762 1693 cansa
784 1632 892 1693 studio
915 1640 948 1692 et
961 1632 1141 1712 cupiditate
1157 1628 1322 1692 concederet

223 1713 354 1772 aeuum
376 1734 466 1785 vcro,
489 1714 635 1774 exercitu
657 1714 793 1786 amisso,
816 1735 887 1794 ego,
909 1715 966 1798 qul
986 1715 1077 1795 pacis
1101 1722 1215 1775 auctor
1234 1729 1322 1792 semper

271 1796 331 1867 fai,
352 1803 428 1876 post
446 1795 670 1857 Pharsalicum
693 1794 830 1880 [autern]
852 1797 1009 1878 proelium
1024 1819 1138 1857 suasor
1159 1797 1280 1856 fuissem
1295 1815 1323 1852 ar

271 1899 393 1938 morum
424 1901 489 1939 non
512 1881 794 1960 deponendorum,
826 1881 884 1940 sed
907 1881 1184 1952 abiiciendorum‚
1213 1879 1284 1938 bunc
1300 1875 1323 1934 al

271 1983 372 2022 meam
405 1963 630 2022 auctoritatem
661 1984 726 2023 non
753 1961 849 2042 ¹potui
886 1963 1067 2033 adducere,
1108 1963 1199 2045 quod
1226 1969 1255 2022 et
1279 1961 1323 2038 ipse

273 2044 409 2106 ardebat
437 2045 546 2106 studio
574 2045 676 2125 ipsius
698 2045 798 2119 belli,
831 2053 863 2106 et
891 2045 976 2127 patri
999 2045 1259 2105 satisfaciendum
1277 2060 1322 2102 cuc

273 2127 498 2187 arbitrabatur.
541 2127 636 2188 Felix
664 2129 728 2190 ista
756 2130 887 2202 domus,
928 2150 1009 2213 quae
1045 2149 1110 2188 non
1137 2129 1323 2210 impunitatem

274 2210 378 2270 solum
401 2210 519 2292 adepta
541 2211 604 2282 sit,
635 2212 694 2272 sed
717 2212 892 2272 accusandi
900 2211 927 2294 ²)
951 2212 1046 2272 etiam
1068 2210 1250 2271 licentiam:
1269 2205 1323 2266 cala·

272 2293 408 2353 mitosus
437 2293 629 2367 Deiotarus,
661 2295 717 2377 qui
748 2301 781 2354 et
812 2295 851 2355 ab
884 2317 942 2368 eo,
973 2294 1030 2378 qui
1049 2293 1085 2354 in
1104 2294 1223 2354 iisdem
1242 2287 1323 2352 castris

273 2375 391 2447 suerit,
424 2396 490 2435 non
521 2377 616 2438 modo
647 2378 731 2458 apud
761 2385 815 2452 te,
846 2378 905 2439 red
932 2377 1028 2439 etiam
1049 2399 1068 2435 a
1090 2377 1159 2438 suis
1183 2379 1324 2438 accusetur.

328 2570 358 2637 l)
378 2570 459 2621 ctiam
477 2574 630 2624 accusandi.
732 2627 734 2630 ,

326 2747 456 2798 imbuerat
475 2777 506 2787 -
526 2747 644 2798 haerere.
681 2747 951 2818 v.llor.Epist.19‚
970 2746 1012 2800 6⁷
1027 2765 1102 2818 seqq.
1122 2747 1180 2799 od.
1196 2735 1326 2818 midaii·

325 2834 467 2868 coricus-sus
484 2816 582 2885 flauere.
609 2818 670 2870 Liv.
686 2817 805 2868 XXVII
820 2818 838 2869 ⁷
851 2838 912 2889 pn:
941 2816 971 2870 C.
986 2819 1094 2869 Laelius
1109 2818 1215 2888 loqutus
1232 2814 1326 2882 suptus

275 2889 385 2939 Romam
400 2889 489 2947 uenit3
516 2890 589 2955 isque
604 2907 660 2939 cura
678 2889 780 2960 agmine
797 2891 959 2956 captiuorum
975 2891 1108 2958 ingressus
1123 2889 1228 2944 urbem,
1244 2895 1327 2953 umgas·

275 2977 428 3010 coneursum
444 2959 576 3008 bominum
590 2957 664 3026 fecit
699 2977 725 3011 v.
742 2975 769 3026 p.
787 2957 851 3009 ctu.
869 2957 917 3010 68.
932 2961 968 3008 ad
982 2960 1043 3010 Ate.
1057 2959 1086 3008 V
1102 2956 1140 3009 1ss
1159 2959 1195 3008 ad
1209 2949 1308 3007 uruat.

328 3031 351 3096 g.
370 3027 418 3080 29.
454 3046 549 3079 suasor
563 3027 681 3096 scissem.
717 3030 762 3079 lta
778 3047 836 3080 eum
851 3030 992 3098 plerisque
1009 3028 1175 3082 cimelioris
1191 3034 1263 3078 notae
1277 3017 1327 3073 coil·

277 3101 357 3152 etiam
384 3099 483 3150 Ambr.
511 3098 700 3158 Scholiasta,
733 3099 781 3167 qui
806 3100 936 3151 adnotat:
980 3099 1114 3168 Integris,
1153 3098 1252 3163 iuquit,
1279 3091 1327 3142 rau

272 3188 365 3240 paeana
382 3170 507 3239 Porapcio
521 3171 609 3228 suasi,
636 3178 662 3220 et
679 3187 754 3220 arura
770 3168 863 3220 debere
886 3170 990 3238 deponi.
1003 3167 1090 3219 ‘Post
1105 3167 1258 3237 fursulicuas
1272 3168 1327 3212 wit*

272 3241 406 3310 proelium
421 3240 484 3290 etos
511 3241 580 3292 Bau.
600 3239 832 3308 0⁹1.[nresd.]
857 3239 946 3292 Venn.
965 3239 1052 3291 1472.
1067 3237 1116 3290 99.
1141 3239 1219 3307 [post
1235 3226 1327 3300 betl

276 3311 340 3362 Par.
353 3308 463 3361 Mente
486 3317 589 3368 auctor,
613 3310 774 3361 Pharsalico
788 3317 875 3360 autem
888 3311 991 3378 proelio
1004 3325 1100 3360 suasor
1111 3325 1178 3359 um.
1187 3325 1237 3358 uon
1249 3293 1328 3372 dep-sti

277 3380 357 3448 abjic.
374 3379 425 3446 sisi.
462 3381 520 3432 Sed
543 3395 637 3450 margo
657 3381 728 3432 Van.
751 3379 830 3432 1499
857 3385 884 3431 et
903 3379 968 3430 Par.
986 3381 1014 3430 2.
1043 3378 1077 3430 ab
1095 3380 1206 3430 eadm.
1228 3375 1328 3440 recepit!

277 3453 343 3502 leet.
362 3450 497 3503 exhibent.
514 3451 592 3501 Eri:
622 3452 754 3502 Exercitus
775 3451 871 3502 amissa
890 3457 917 3498 at
936 3451 1081 3520 cupiditate
1097 3456 1160 3518 post
1184 3443 1329 3498 Pharsalia·

274 3519 416 3591 proelium.
451 3527 487 3578 τὸ
514 3528 601 3572 autem
623 3523 701 3574 abest
725 3522 806 3573 etiarn
822 3521 856 3572 ab
871 3520 959 3571 Arcb.
980 3529 1008 3573 et
1023 3520 1117 3570 Lamb.
1135 3521 1256 3583 inmerg-
1270 3503 1328 3563 lili

279 3593 424 3643 Erucstius
448 3590 474 3641 b.
488 3592 505 3641 l.
526 3593 566 3643 ita
587 3593 715 3644 constitui
739 3592 867 3643 volebat:
904 3587 969 3642 Cum
988 3589 1050 3641 ueri
1074 3608 1161 3643 exerc.
1180 3589 1281 3640 amisso,
1300 3589 1327 3658 (ς’

279 3665 325 3730 qui
340 3681 365 3728 p.
382 3681 408 3713 a.
426 3679 526 3730 semper·
541 3661 658 3728 fuissem,
675 3680 770 3713 suasor
784 3681 865 3712 essem
880 3679 1010 3712 armorum
1022 3667 1071 3711 cte.
1096 3659 1131 3710 In
1146 3677 1204 3711 rem
1222 3675 1244 3707 v.
1258 3673 1280 3722 p·
1291 3649 1327 3728 lug·

279 3734 301 3800 ᾖ.
327 3731 376 3785 28.
404 3731 461 3786 off.
480 3732 496 3781 I
516 3733 563 3786 ll.
599 3734 671 3784 Ibid.
695 3734 744 3784 111
771 3733 825 3784 502
861 3731 949 3801 Hujus
974 3730 1117 3784 deditionis
1142 3731 1198 3799 ipae
1218 3727 1327 3778 rosanus

280 3810 415 3853 suaserat
430 3811 524 3854 auctor
537 3802 599 3871 ficit
1316 3851 1320 3865 ‚

332 3890 385 3923 raon
402 3873 476 3924 modo
496 3874 568 3942 apud
585 3882 625 3932 te,
643 3872 691 3922 sed
708 3873 787 3922 ctiam
805 3889 822 3922 n
839 3871 904 3920 arcis.
941 3871 1067 3923 Turbant
1086 3870 1203 3922 codices.
1235 3862 1272 3914 Εἰ
1287 3867 1328 3934 ¹¹¹²!⁵

281 3945 349 3995 Bar.
368 3943 691 4014 Vcnn.teat.[021.]=
730 3937 909 4010 Qui[quod]
926 3938 1024 3998 ab'eo,
1051 3941 1097 4008 qui
1120 3941 1148 3989 iu
1169 3935 1258 3988 cassis
1274 3925 1328 3994 sumi

281 4031 334 4066 non
352 4013 427 4064 modo
447 4031 465 4064 a
479 4016 646 4085 percqriuis,
664 4012 712 4064 sed
725 4031 742 4064 a
757 4014 909 4063 iniretiam
924 4019 1069 4062 accuratur.
1101 4007 1187 4062 Area
1204 4023 1235 4056 m.
1251 4021 1269 4053 s·
1281 3995 1327 4047 ⁰¹¹·

283 4085 400 4150 aliique:
436 4084 496 4134 Nou
514 4085 589 4136 modo
608 4103 625 4136 a
642 4084 789 4155 percyriuis
807 4081 879 4151 apud
896 4089 936 4141 ta,
954 4081 1001 4132 aed
1018 4100 1036 4131 a
1052 4083 1109 4132 auis
1127 4081 1205 4130 etiam
1221 4071 1327 4124 armum·

283 4154 370 4206 Areb.
389 4172 424 4204 m.
444 4171 485 4223 pr.
505 4156 576 4208 Ven.
600 4155 686 4222 marg.
713 4172 772 4206 cum
799 4159 863 4205 cett.
891 4153 1026 4222 praebent
1050 4152 1124 4220 quod
1150 4147 1277 4226 edidimus·
1291 4131 1327 4220 ‘l‘

285 4227 345 4278 cod.
362 4222 449 4276 Aret.
467 4225 529 4277 Eri.
546 4227 620 4278 oux.
639 4233 668 4278 et
681 4243 761 4277 nonu.
777 4224 856 4275 Part.
874 4229 1016 4293 receptum
1030 4229 1087 4275 eata
1119 4213 1253 4272 occursantis
1269 4215 1326 4280 Μ·

285 4297 318 4348 lu
334 4315 404 4416 argu.
420 4295 502 4347 Parr.
517 4304 629 4365 praeter
647 4295 688 4349 10
705 4303 733 4349 ct
748 4295 795 4348 ll.
815 4292 888 4346 081.
905 4295 1005 4346 Drcsd.
1020 4293 1099 4345 Rom.
1116 4297 1178 4361 post
1188 4287 1267 4339 dom
1278 4271 1326 4328 alb·

285 4373 331 4419 tur
371 4369 482 4420 asturis.
689 4375 691 4380 ’
1113 4373 1121 4396 “
