2782 5022
358 381 412 442 ru
436 385 469 440 n.
498 381 802 476 canrnrunu.
1049 383 1134 462 255

46 547 146 611 delere
166 551 277 612 conati
297 560 395 627 sunt,
418 555 475 654 ‹pni
490 553 526 616 id
548 553 697 638 egerunt,
717 566 752 619 ut
773 562 901 637 gentem
920 552 1138 650 Allobrogum

44 636 74 694 in
91 634 238 714 uestigiis
259 634 353 696 huius
369 637 480 713 urbas,
513 647 609 722 atque
631 641 793 702 incinere
818 638 985 718 deflagrati
1005 636 1135 718 imperia

45 716 253 778 collocarent:
276 719 305 778 si
317 719 594 784 'vehementissimi
609 725 776 797 fuerimus,
797 721 1025 810 misericordes
1039 719 1135 818 habe·

44 801 158 873 bimur,
202 801 255 860 sin
280 803 479 866 remissiores
511 829 584 868 esse
615 808 833 880 voluerimus,
871 826 1010 866 summae
1034 802 1131 864 nobas
1234 858 1239 876 ,

45 884 240 944 crudelitatis
269 886 304 945 in
331 889 456 968 patriae
478 891 659 974 civiumque
682 890 828 974 pernicie
859 891 942 950 sama
965 886 1135 948 subeunda
1195 922 1215 946 ι.

46 975 96 1027 cst.
137 967 211 1028 Nisi
226 989 306 1029 vcro
324 971 463 1053 cuipiam
476 974 519 1034 L.
538 975 672 1048 Caesar,
694 976 744 1035 vir
759 973 955 1050 fortissimus
973 978 1006 1031 et
1027 992 1133 1030 aman·
1145 961 1184 1016 15

45 1050 177 1110 tissimus
208 1053 432 1133 reipublicae,
476 1058 641 1118 crudelior
668 1057 908 1119 nudiustertius
938 1054 1028 1116 visus
1062 1059 1134 1126 est,
1160 1145 1162 1150 Α

46 1155 106 1192 cum
126 1135 250 1194 sororis
271 1157 369 1210 suae,
391 1135 529 1200 feminae
551 1141 767 1203 electissimae
781 1145 801 1215 ,¹
813 1141 914 1202 virum
929 1144 1136 1236 praesentem

46 1226 72 1276 ct
86 1218 290 1291 audientem,
322 1221 389 1281 vita
408 1223 600 1304 privandum
617 1245 689 1286 esse
703 1225 809 1298 dixit,
842 1246 913 1285 curn
932 1243 1024 1283 avum
1042 1239 1135 1279 russu

46 1300 176 1360 consulis
196 1301 429 1379 interfectum,
463 1307 629 1391 liliumque
650 1310 719 1369 eius
739 1308 960 1389 impuberem,
992 1303 1136 1383 legatum

46 1393 166 1463 apatre
193 1385 347 1460 missum,
378 1387 413 1446 in
435 1389 734 1453 carcerc'necatum
759 1414 831 1454 esse
853 1391 946 1454 dixit.
989 1388 1135 1464 Quorum
1193 1449 1196 1458 „

47 1467 120 1548 quod
152 1467 260 1527 simile
287 1471 433 1531 factum?
474 1475 564 1557 quod
598 1475 713 1537 initum
743 1475 902 1536 delendae
931 1470 1134 1554 reipublicae

48 1550 231 1611 consilium?
276 1553 474 1634 Largitionis
494 1557 645 1620 voluntas
666 1566 734 1619 tum
758 1560 793 1619 in
812 1555 981 1640 republica
1006 1561 1136 1614 versate

48 1640 105 1704 est,
137 1641 170 1694 et
193 1637 338 1714 partium
368 1639 525 1720 quaedam
554 1643 731 1704 contentio.
774 1643 883 1725 Atque
910 1639 968 1700 illo
988 1645 1134 1717 tempore

47 1712 127 1776 buius
156 1739 236 1776 avus
263 1719 418 1795 Lentuli,
451 1722 650 1798 clarissimus
678 1726 751 1799 vir,
784 1732 922 1786 armatus
950 1719 1135 1782 Gracchum

50 1806 88 1857 cst
106 1810 310 1880 persecutus.
353 1803 417 1864 Ille
448 1807 544 1868 etiam
571 1829 666 1888 prave
688 1816 756 1869 tum
774 1808 892 1869 vulnus
912 1805 1061 1891 accepit,
1092 1813 1134 1862 nc

52 1881 112 1960 qnid
140 1884 179 1944 dc
212 1907 334 1947 summa
361 1889 530 1969 republica
555 1892 770 1952 minueretur:
805 1891 857 1951 hic
885 1889 926 1950 ad
956 1885 1135 1949 evertenda

52 1963 244 2028 fundamenta
267 1969 467 2051 reipublicae
490 1973 605 2034 Gallos
627 1975 767 2034 accersit
785 1971 811 2054 ¹)
825 2003 839 2046 ,=
868 1971 1002 2032 servitia
1026 1967 1135 2030 conci-

49 2053 102 2121 tat,
133 2050 314 2114 Catilinam
335 2063 451 2130 vocat,
485 2057 634 2118 attribuit
649 2079 708 2118 nos
729 2053 941 2117 trucidandos
964 2052 1134 2138 Get-bego,

90 2231 116 2300 i)
135 2235 266 2287 arcessit.

51 2353 390 2378 Ἣ

50 2425 132 2476 omisso
152 2420 249 2481 lamen
272 2401 437 2500 probamina
455 2443 582 2485 nostrrcm.
618 2431 713 2486 Beier.
730 2433 766 2482 ad
782 2431 839 2484 off.
859 2429 893 2482 II
915 2427 962 2483 18.
982 2446 1047 2500 pag.
1064 2425 1135 2480 1262
1209 2424 1211 2447 ³
1272 2453 1275 2462 ·

49 2496 131 2548 maluit
142 2499 236 2550 domus
253 2519 286 2551 ex
305 2501 379 2553 041.
534 2547 541 2554 -
827 2513 834 2528 “
1117 2569 1126 2582 .

91 2568 116 2615 in
133 2571 227 2621 cincre.
267 2590 294 2640 p.
314 2572 395 2624 Sulla
409 2571 444 2623 6:
474 2571 620 2624 Camillae
639 2573 752 2641 infictae
769 2570 942 2640 fimetissssim'
958 2567 1052 2639 i“⁶‘⁸'
1078 2586 1125 2620 ω

49 2649 196 2704 uersumque
211 2644 298 2714 tuticus
321 2645 395 2693 urbis
421 2643 586 2702 inrecidinm,
607 2673 638 2710 5-
667 2662 723 2693 cum
748 2645 844 2693 ciuium
867 2656 960 2699 cruor,
987 2659 1044 2691 mm
1069 2657 1137 2690 “W
1166 2667 1170 2674 ‘

48 2709 140 2770 patriae
156 2715 265 2763 uersari
284 2705 345 2763 autc
364 2714 456 2764 occulos
474 2721 554 2781 utque
573 2716 687 2766 animum
705 2716 828 2772 memoria
847 2711 977 2780 “sista'‘
996 2718 1136 2782 ⁶⁰⁰l'mi'

50 2781 93 2825 tum
109 2779 218 2848 denique
239 2785 264 2833 ei
283 2785 442 2854 [Autronio]
462 2787 625 2853 resistebam.
645 2803 668 2836 v.
688 2791 739 2836 tot.
760 2803 818 2853 cap.
835 2812 864 2823 -
885 2780 1137 2834 L·Jllli¹1⁵c·'¹e⁸³¹'

51 2851 132 2898 consul
150 2852 283 2912 suitcum
304 2854 337 2904 G.
357 2857 584 2922 Mar-cio'Fignlo
604 2875 627 2908 a.
647 2874 673 2905 n.
693 2874 716 2906 c.
735 2853 805 2906 690.
1000 2862 1029 2936 ’,
1049 2866 1078 2934 ‚¹
1113 2867 1119 2876 “

94 2923 189 2970 sorores
205 2941 287 2983 snae,
315 2925 427 2986 duliae,
456 2944 534 2994 qnam
549 2933 742 2995 postmortem
757 2921 1075 2978 M.·Antonii(lrct1c1,
1104 2935 1137 2970 ex
1231 2965 1238 2971 .

53 3003 96 3051 quo
116 2997 200 3042 mater
222 2995 261 3044 Μ.
284 2996 402 3047 Antonii
426 2998 564 3049 triumviri
590 2999 661 3057 suit,
698 2998 729 3054 P·
756 2995 891 3047 Lfflt¹¹¹¹¹⁸
917 2993 1000 3048 sm
1020 2991 1138 3040 dmm

52 3071 158 3111 uxorem.
193 3064 268 3114 Phil.
287 3067 320 3114 Π
336 3066 372 3118 62
406 3061 819 3124 naturamnaturaim,
846 3064 1052 3131 quaeratione,
1083 3077 1137 3126 ‘lm‘

53 3133 205 3194 constarctiu,
224 3151 279 3200 qua
291 3139 429 3206 pravitate
442 3141 600 3189 seutentiam
615 3139 686 3189 dixit
701 3139 729 3186 in
744 3137 845 3187 sororis
860 3153 925 3185 suue
938 3135 1040 3191 virum,
1059 3132 1137 3182 uitri-

53 3213 100 3247 cum
114 3207 200 3254 tuum?
689 3219 690 3222 ’
729 3221 732 3227 ·

98 3288 185 3332 ceusu,
204 3273 243 3324 M.
259 3277 386 3327 Fulvium
401 3279 541 3330 Flaccum.
560 3296 586 3330 v.
603 3277 697 3328 Icat.
714 3276 741 3326 2.
770 3277 839 3346 Ejus
853 3274 911 3324 tilia
927 3272 1036 3332 Fulvia,
1051 3277 1138 3356 nupta

55 3333 81 3454 ἒ.
96 3339 216 3405 Caesari,
237 3349 344 3398 consuli
362 3367 423 3399 cum
440 3349 473 3400 C.
492 3349 600 3400 Rutilio
614 3349 693 3417 Lupo
711 3365 734 3398 a.
753 3345 833 3406 664,
854 3364 887 3396 ex
907 3362 939 3396 eo
955 3351 1044 3397 mater
1058 3343 1139 3412 lmpns

76 3412 191 3466 uciifuit.
228 3437 237 3452 ·
392 3425 396 3438 ⁸
514 3422 515 3428 ’

99 3481 171 3552 dflJ'tu
191 3475 265 3537 eures.
302 3487 383 3538 Phil..
394 3488 472 3538 VIII
489 3487 526 3538 4:
560 3489 630 3538 Num
648 3488 733 3557 ipitur
751 3515 783 3526 -
803 3485 971 3536 temerarium
990 3485 1072 3533 civem
1091 3487 1139 3566 unt
1242 3543 1243 3546 Ἴ

57 3551 172 3604 tudetem
194 3567 305 3626 pactores
332 3560 365 3609 P.
395 3559 536 3609 Lentulum
560 3560 706 3627 principem
732 3561 861 3608 senatus?
895 3555 1041 3624 complures
1068 3553 1139 3602 altos

57 3635 152 3674 summos
170 3630 252 3687 viros,
272 3630 318 3696 qui
337 3648 394 3680 cum
413 3629 445 3679 L.
468 3628 573 3696 Opimio
593 3629 698 3680 conecclo
719 3631 816 3684 urroutc'
838 3626 987 3678 Gracchum
1006 3626 1034 3674 iu
1049 3622 1142 3706 Auem

58 3689 128 3742 tiniam
147 3702 278 3765 persecuti
302 3704 383 3750 sunt?
411 3717 461 3766 epm
487 3703 515 3750 iu
530 3702 634 3770 proelio
654 3699 784 3762 Lentulus
806 3717 890 3770 prove
913 3697 1010 3748 uulrcus
1029 3699 1140 3762 occepit.

59 3757 119 3814 Erat
141 3767 163 3817 is
190 3772 285 3822 consul
314 3790 373 3822 oum
398 3771 450 3822 (ln.
469 3771 592 3823 Domitio
611 3771 815 3829 Ahenobarbo,
849 3769 979 3822 suffectus
1003 3765 1141 3850 inlocum

58 3826 85 3879 P·
103 3833 222 3890 Cornelii
241 3843 381 3912 Scipionis
400 3843 535 3908 Nasicae,
566 3841 600 3893 C.
626 3843 726 3894 Marcii
744 3837 855 3910 Figuli,
890 3841 937 3908 qui
959 3839 1028 3892 vitio
1054 3841 1142 3887 creata

60 3899 214 3963 abdicarunt.
253 3931 276 3962 a.
295 3931 321 3964 n.
342 3933 365 3964 c.
385 3911 454 3964 891.

104 3975 132 4025 de
149 3999 245 4032 cucuma
265 3983 298 4034 n.
318 3985 351 4034 P.
389 3983 438 4034 Sic
457 3986 545 4036 Bavr.
569 3983 718 4042 meliores,
747 3981 811 4034 Par.
826 3977 854 4030 6.
881 3997 943 4030 cum
967 3978 1028 4052 Pal.
1054 3981 1140 4028 sexto.

62 4037 88 4089 dc
103 4063 193 4100 summo
212 4057 276 4123 reip.
297 4055 400 4122 legitur
419 4056 445 4106 in
466 4053 546 4104 Parr.
569 4055 595 4104 1.
615 4053 641 4104 5.
663 4053 689 4104 8.
710 4053 772 4102 Eri.
791 4055 814 4102 t.
832 4051 935 4104 Greev.
954 4067 997 4118 pr.
1017 4049 1065 4098 Fr.
1080 4047 1141 4097 Pel.

62 4124 130 4166 nono.
165 4121 259 4174 Ceteri
278 4128 430 4193 praebente
449 4125 481 4175 de
499 4143 598 4175 summa
617 4125 749 4196 dipnitatc
768 4125 833 4192 reip.
870 4141 895 4174 v.
915 4119 965 4172 III
981 4120 1044 4206 ilat.
1064 4117 1093 4177 6,
1113 4122 1142 4200 et

64 4179 124 4236 intra
141 4190 162 4257 ᾖ.
178 4193 213 4244 lli
233 4203 260 4246 et
274 4197 322 4248 20.
358 4197 392 4246 In
412 4196 506 4247 verbis
523 4196 650 4264 snbseqq.
671 4200 812 4263 receptum
833 4200 874 4245 eat
892 4198 1006 4243 accersat
1025 4208 1056 4241 ex
1077 4205 1143 4256 quu-

64 4256 116 4304 tuor
140 4259 220 4317 navv.
248 4267 309 4318 Ert'.
330 4267 404 4322 le.
432 4274 460 4318 et
486 4269 609 4323 omnibus
628 4268 711 4320 Parr.
733 4272 847 4333 praeter
866 4266 902 4325 2,
936 4264 983 4334 qni
1000 4264 1143 4312 accersivit

67 4335 121 4388 P'ie
137 4348 163 4383 oe
181 4336 243 4388 tert.
268 4339 368 4389 Paullo
386 4344 451 4407 post
467 4339 571 4389 inserui
589 4338 755 4408 particulam
772 4345 800 4386 et
818 4342 880 4390 ante
898 4343 999 4388 ceteros
1019 4349 1052 4384 ex
1070 4329 1141 4396 Teg-
1171 4363 1174 4370 ·

69 4391 727 4490 mumnmmmtdbssffibl
818 4491 823 4496 ,
