2824 5018
404 407 501 466 ano
524 409 557 464 r..
582 378 801 466 nunnus.
1063 403 1142 497 501
1210 369 1215 380 ¹

47 594 175 636 summo
191 573 346 654 ingenio,
368 595 485 656 opera,
508 575 628 657 gratia,
650 577 841 651 nobilitate,
864 601 881 638 a
906 575 952 639 M.
974 575 1144 638 Herennio

46 656 201 738 superari
221 677 320 737 posse
342 661 513 720 arbitratus
538 662 616 719 est?
646 661 718 745 quis
742 663 781 738 Q.
805 657 977 732 Catulum,
1000 661 1143 720 humani-

45 749 146 811 tate,
169 741 343 819 sapientia,
366 742 553 823 integritate
576 738 844 817 antecellentem,
867 769 884 804 a
906 743 965 803 Gn.
992 743 1144 804 Manlio?

48 824 128 904 quis
150 822 195 882 nt.
212 825 391 896 Scaurum,
412 825 571 886 hominem
593 827 825 905 gravissimum,
848 827 949 887 civem
970 827 1143 908 egregium,

46 905 264 965 fortissimum
286 916 488 981 senatorem,
521 910 600 985 aQ.
622 909 791 969 Maximo?
827 931 892 970 non
914 910 1008 970 modo
1032 911 1142 970 horum

47 989 139 1047 nihil
159 989 205 1048 ita
227 990 295 1048 lore
318 999 464 1069 putatum
487 997 557 1062 est,
586 993 644 1051 scd
666 1014 705 1052 ne
728 1016 799 1054 cum
822 999 909 1054 esset
931 995 1051 1055 sactum
1074 993 1144 1075 qui-

49 1072 150 1142 dem,
182 1090 279 1153 quare
308 1072 355 1131 ita
383 1075 503 1133 sactum
535 1083 641 1148 esset,
673 1075 815 1156 intelligi
845 1078 961 1157 potuit.
1005 1077 1085 1136 Nam
1107 1083 1144 1135 ut

47 1161 266 1233 tempestates
295 1175 393 1237 saepe
426 1164 514 1216 certo
540 1157 648 1239 aliquo
671 1158 755 1218 coeli
778 1159 870 1238 signo
894 1167 1143 1230 commoventur,

50 1257 154 1315 saepe
175 1237 349 1316 improviso
372 1239 465 1299 nulla¹
483 1259 524 1298 ex
545 1249 634 1298 certa
654 1242 792 1314 ratione,
815 1243 951 1303 obscura
973 1243 1080 1324 aliqua
1104 1261 1145 1300 ex

51 1339 155 1378 causa
175 1319 376 1380 excitanturs
399 1322 447 1380 sic
468 1323 502 1380 in
523 1322 584 1382 hac
607 1325 807 1384 comitiorum
827 1333 1019 1406 tempestate
1042 1345 1146 1405 popu-

49 1401 139 1473 lari,
172 1422 268 1482 saepe
289 1403 476 1483 intelligas,
506 1427 571 1487 quo
590 1406 682 1486 signo
705 1415 860 1468 commota
884 1409 947 1482 sit3
979 1426 1075 1487 saepe
1098 1407 1146 1464 ita

51 1485 198 1544 obscura·
216 1494 288 1557 sat,
311 1494 346 1545 ut
369 1507 446 1546 casn
468 1489 702 1549 excitata'esse
725 1491 874 1552 videatur

118 1567 195 1626 Gar.
217 1567 348 1628 xvlll.
391 1570 457 1628 Sed
479 1577 606 1643 tamen,
631 1573 659 1631 si
682 1581 732 1632 est
753 1573 919 1633 reddenda
940 1571 1037 1648 ratio,
1059 1543 1192 1642 daae³⁷

51 1671 109 1711 res
130 1648 336 1710 vehementer
357 1651 390 1709 in
411 1663 562 1733 praetura
584 1654 788 1716 desideratae
812 1665 907 1726 sunt,
931 1675 1011 1738 quae
1035 1654 1143 1712 amhae

53 1734 90 1792 in
113 1733 282 1793 consulatu
308 1733 463 1794 Murenae
485 1738 692 1816 prosuerunt:
716 1760 790 1810 una,
813 1740 1014 1820 exspectatio
1035 1757 1145 1796 rrrrrued

54 1987 184 2058 callepio,
202 2003 300 2036 sumrua
314 1989 392 2038 etium
408 1989 573 2055 eloquentia,
594 1988 624 2040 L.
641 1989 794 2059 Philippum
806 1992 834 2040 iu
849 1991 1003 2040 consulatus
1016 1991 1146 2060 petitione

54 2059 200 2124 superauit.
236 2058 274 2108 Μ.
298 2057 455 2110 Herennius
478 2061 571 2111 consul
591 2062 645 2112 suit
670 2079 729 2114 eum
753 2060 784 2113 (l.
800 2061 915 2116 Valerio
931 2061 1052 2119 Flacco,
1080 2079 1103 2111 a.
1118 2079 1154 2111 u.·

57 2127 137 2189 8613
165 2135 193 2179 et
212 2128 243 2179 L.
259 2129 381 2180 Marcius
398 2130 542 2198 Philippus
561 2149 619 2180 enm
639 2131 669 2180 S.
689 2131 766 2181 lulio
781 2129 902 2182 Caesare
924 2143 954 2181 a.
971 2149 997 2182 u.
1021 2129 1091 2196 863.
1113 2159 1147 2170 -·

60 2215 154 2266 opera.
173 2197 286 2248 lorensi.
322 2216 346 2250 r.
364 2198 547 2270 supraissl.
569 2199 672 2252 0ff.11
692 2199 748 2250 ili:
786 2201 840 2262 Qui
855 2219 949 2268 opera,
975 2202 992 2252 i.
1008 2219 1029 2254 e.
1047 2203 1147 2252 virtute

62 2276 88 2317 et
110 2268 256 2328 industria,
281 2261 388 2340 leuefic'i
411 2277 436 2333 et
459 2271 583 2321 liberales
603 2278 687 2320 erurat.
724 2270 910 2322 Hotomannus
927 2272 1071 2338 legendum
1085 2289 1146 2323 eeu·
1250 2304 1251 2308 =

62 2338 116 2388 snit
131 2340 235 2408 apibus,
253 2341 362 2408 gratim
382 2342 431 2391 sed
445 2349 557 2410 praeter
572 2343 659 2393 liin-os
672 2346 787 2391 veteres.
848 2355 849 2362 ¹

114 2409 146 2472 Q.
166 2407 298 2460 Catulum.
333 2428 360 2478 p.
378 2410 491 2463 Plancio
508 2411 543 2461 ii:
579 2412 656 2460 Dicet
676 2410 841 2478 [populus],
865 2411 1093 2478 praepossis-rese
1112 2409 1147 2472 Q.
1246 2411 1247 2418 ’

60 2476 175 2537 Catulo,
202 2498 300 2529 summa
318 2481 345 2528 in
359 2480 465 2548 sarcilia
482 2490 560 2536 reato,
585 2483 777 2549 sapientissimo
793 2489 818 2529 et
835 2483 1000 2530 saeratissimo
1019 2481 1092 2538 uiro,
1113 2509 1145 2520 -

58 2548 108 2599 Cu.
126 2549 275 2608 Marullum,
302 2567 353 2598 nou
366 2551 449 2600 solum
466 2551 622 2620 ignobiliora,
647 2569 736 2600 uerum
751 2553 808 2600 siue
822 2553 922 2601 uirtute
931 2587 945 2607 ..
957 2554 1014 2600 siue
1031 2551 1146 2621 iugenio,

55 2623 114 2672 uita
136 2622 215 2670 etiam
235 2626 363 2669 contemtu
388 2639 420 2672 ac
444 2620 563 2670 sordida.
599 2620 702 2672 Manui.
724 2622 759 2670 ad
779 2621 907 2670 Roscium
933 2620 951 2671 7
978 2628 1005 2672 et
1025 2622 1061 2671 ad
1082 2639 1107 2672 n.
1125 2622 1145 2672 l.

54 2691 178 2749 tonuit,
196 2691 351 2757 'legendum
369 2708 427 2742 esse
447 2689 495 2742 Cn.
513 2691 655 2748 Mallium,
682 2691 893 2758 suffragantibus
912 2691 1029 2759 antiquis
1046 2692 1144 2750 libris,

54 2779 108 2812 nec
133 2760 215 2811 dubia
240 2761 372 2819 veritate,
402 2778 460 2812 curn
477 2761 583 2811 nobiles
599 2761 715 2820 Manlii,
743 2761 878 2829 ignobiles
897 2763 1038 2811 admodum
1055 2761 1144 2812 Mallii

54 2831 168 2883 fuerint.
204 2831 320 2881 lllunutii
336 2830 417 2881 libris
437 2833 637 2900 adstipulantur
653 2832 714 2881 Par.
733 2830 761 2882 d.
780 2831 851 2882 oux.
874 2833 968 2898 plures
983 2832 1036 2880 lusi
1057 2831 1084 2878 in
1102 2848 1143 2886 or.

54 2922 81 2972 p.
103 2901 196 2952 Plane.
215 2901 235 2957 l.
254 2919 275 2951 c.
300 2905 377 2952 vetus
396 2903 635 2953 marmorPuteol.
664 2905 691 2951 in
708 2920 761 2968 quo
778 2903 909 2968 scrip-trun
927 2908 984 2951 est:
1021 2898 1142 2949 Colonia.

53 2971 177 3022 demuto.
197 2987 273 3021 artuu-
293 2968 352 3025 XC.
372 2971 417 3038 [u.
438 2991 460 3024 c.
480 2971 568 3041 848]
592 3002 622 3011 -
660 2974 691 3022 P.
708 2973 819 3022 Rutilio.
842 2969 1010 3021 castallio.
1031 2968 1093 3019 Cor.
1116 2975 1143 3020 ct

53 3041 174 3092 Parr.8.
190 3040 259 3094 M.
280 3041 308 3090 in
329 3040 344 3089 1
362 3041 424 3092 Cat.
449 3045 471 3110 5.
487 3041 513 3093 7.
539 3043 628 3111 [Teg.
649 3043 707 3094 sat.
729 3059 787 3092 cum
805 3041 884 3090 Parr.
902 3041 916 3092 I
937 3038 999 3090 etti
1023 3041 1144 3092 retinent

52 3109 203 3177 Manlium]
224 3129 246 3160 v.
263 3129 289 3178 p.
305 3111 409 3161 Archia
425 3112 450 3162 5.

112 3181 145 3242 Q.
161 3180 246 3230 Folia
262 3179 391 3237 illacrima,
407 3197 480 3232 cona.
497 3197 557 3230 eum
569 3180 602 3230 C.
617 3181 724 3230 Licinio
741 3179 814 3230 Geta
826 3199 852 3230 n.
868 3196 891 3228 c.
909 3178 977 3230 658.
994 3196 1142 3245 cognomen

53 3253 165 3302 Eburno
183 3251 365 3317 luitproptcr
382 3253 534 3303 candorem.
573 3251 615 3301 De
631 3249 669 3299 M.
684 3251 790 3300 Scauro
807 3268 831 3301 r.
850 3251 968 3316 snpra}
987 3247 1032 3300 16.
1059 3248 1143 3298 Adde

54 3323 118 3374 cic.
135 3322 169 3370 ad
184 3321 259 3373 Fam.
274 3322 289 3370 l
305 3320 338 3372 8:
358 3320 391 3371 In
409 3339 459 3387 quo
478 3339 535 3371 cum
553 3338 638 3370 omraes
652 3319 776 3376 horuiues,
796 3327 848 3368 tum
861 3320 900 3368 M.
916 3319 990 3368 illum
1005 3318 1143 3376 Scaurum,

52 3391 215 3462 singularem
227 3392 321 3448 virtum,
340 3394 489 3443 constantia
505 3400 529 3440 et
541 3393 676 3458 pravitate
690 3398 845 3457 cuperus-set.
870 3407 892 3440 v.
907 3391 934 3439 in
945 3390 1027 3441 Verr.
1044 3392 1080 3439 A.
1095 3390 1140 3440 17.

109 3455 177 3510 Nam
201 3468 239 3511 ut.
276 3460 330 3527 Qu.
353 3463 429 3512 vlll
455 3462 513 3521 51,
535 3461 583 3512 80.
607 3462 640 3511 de
664 3460 847 3528 Redditionea
884 3459 958 3509 Illud
982 3478 1029 3528 pro
1055 3459 1142 3509 codem

41 3533 108 3604 jam
123 3551 203 3600 paene
215 3533 318 3600 poetico
334 3535 453 3602 spiritu,¹
475 3531 521 3582 sed
536 3540 690 3581 tamencum
709 3549 757 3580 sara
774 3529 935 3586 redditione.
963 3530 1035 3596 quod
1048 3538 1087 3579 est
1105 3529 1142 3580 rat

52 3611 176 3654 ornatum
201 3599 412 3654 accomodatius.-
441 3601 521 3651 Num
540 3610 575 3652 ut
594 3610 687 3669 ternp.
707 3630 738 3639 -
763 3609 799 3648 ut
823 3603 1029 3650 siuercuusa
1048 3603 1140 3651 exei-
1220 3655 1224 3659 ,

51 3682 91 3724 ta
104 3681 140 3722 tu
155 3671 337 3723 uideatur.
374 3673 505 3724 Nonnulli
520 3672 606 3723 Tullii
626 3671 704 3722 codd.
722 3670 824 3720 hahent
841 3673 1001 3720 excitantur.

106 3742 219 3793 XVIII.
240 3743 264 3810 ξ
283 3740 330 3793 57.
366 3745 394 3793 in
410 3744 556 3795 consulatu.
593 3741 672 3792 Hanc
690 3741 1015 3809 01x.·acripturamipsa
1033 3742 1140 3791 conciu-

50 3814 125 3864 nitns
143 3813 318 3882 commendat.
354 3814 395 3862 At
405 3812 484 3862 Parr.
501 3812 528 3864 8.
545 3812 573 3862 8.
591 3830 649 3862 cum
667 3811 785 3877 vulgatis
796 3833 809 3860 :-
822 3815 849 3861 iu
866 3812 1046 3868 corasulutum,
1066 3811 1140 3879 quod

50 3887 80 3935 in
96 3901 127 3933 re
141 3884 261 3950 proxime
275 3889 352 3950 gesta
365 3884 505 3934 ferendum
521 3901 574 3932 non
589 3901 666 3941 esse,
689 3888 766 3933 recte
787 3883 855 3932 vidit
871 3881 1022 3931 Ernestius.
1041 3879 1139 3935 Pani
1237 3890 1241 3899 '

50 3957 81 4006 in
100 3952 238 4004 consulatu
254 3963 355 4008 tumea,
384 3959 412 4005 et
429 3950 482 4006 (iu.
504 3953 577 4004 Οὔκ.
593 3955 620 4002 in
635 3952 814 4009 consulatum,
840 3953 974 4020 probante
994 3949 1079 4002 Goer.
1103 3950 1139 4000 ad

52 4023 438 4091 cic.ueLegg.11117pr.
465 4025 538 4093 quod
558 4030 593 4080 τὸ
617 4025 645 4072 in
671 4023 825 4090 saepissime
846 4023 924 4072 linem
950 4028 978 4072 ei
997 4021 1138 4072 consilium

50 4100 148 4152 notet,
167 4093 214 4143 nbi
229 4093 311 4160 vulgo
327 4092 363 4143 ml
378 4100 494 4161 ponatur
510 4093 545 4160 [v.
563 4093 594 4142 11
612 4091 673 4142 Cat.
691 4091 709 4142 il
727 4091 815 4158 ertr.].
853 4094 910 4142 Sed
927 4093 1004 4141 istam
1023 4093 1086 4142 lect.
1105 4107 1137 4140 ex

49 4167 146 4232 inepta
154 4163 302 4215 vicinarum
310 4163 475 4231 syllabarum
484 4163 647 4232 repetitione
657 4169 744 4212 nutam
756 4180 824 4219 esse,
842 4165 907 4213 satis
922 4163 1025 4213 indicat
1035 4161 1096 4210 Par.
1107 4158 1136 4215 ll,

50 4238 79 4286 in
105 4251 158 4300 qno
178 4235 206 4285 iu
231 4234 381 4284 consalutat
404 4241 457 4284 tam
481 4235 613 4302 scriptura
639 4243 688 4286 est.
723 4230 829 4282 Eadem
854 4249 950 4283 errore
966 4232 1039 4281 iutra
1055 4230 1078 4297 ᾖ.
1095 4228 1133 4279 sti

50 4306 157 4372 legitur
178 4303 344 4355 conciliatam
361 4322 445 4378 mapa.
466 4333 497 4370 ε-
532 4305 566 4356 In
592 4305 684 4356 verbis
705 4319 778 4370 seqq.
797 4301 859 4352 Par.
877 4303 993 4372 optimus
1007 4300 1037 4352 d.
1059 4305 1086 4352 et
1101 4298 1133 4351 S.

51 4376 160 4428 Victor.
174 4373 275 4428 lrabeat
287 4361 418 4446 lepidiores
433 4375 516 4433 omni.
542 4376 616 4446 quod
636 4373 849 4445 praeterendum
864 4373 970 4427 camait
984 4369 1132 4427 Gratas-as.
