2824 5018
272 393 355 474 502
658 391 989 448 enarro

271 547 339 632 ris,
372 577 454 642 qnae
477 567 511 620 et
531 577 657 620 rumore
679 555 859 638 nonnullo,
893 567 925 620 ct
959 555 1077 619 stadiis
1099 553 1333 636 sermonibusque

273 642 517 784 competitorum
538 650 702 713 creverat3
727 640 849 714 altera,
873 643 960 726 quod
977 643 1019 714 ii,
1044 662 1124 723 qnos
1144 641 1180 700 in
1198 639 1333 719 provincia

275 745 312 787 ac
356 725 504 804 spatione
535 724 635 784 omnis
668 733 700 784 et
721 724 929 786 liberalitatis
954 735 987 786 et
1009 725 1139 784 virtutis
1162 744 1240 782 snae
1260 731 1333 780 testes

273 809 450 880 habeberet,
483 807 623 868 nondum
646 807 864 872 decesserant.
907 809 1032 868 llornm
1055 815 1228 886 utrumque
1251 804 1335 864 citor·

273 901 351 954 tana
375 891 415 950 ad
438 889 623 950 consulatus
647 891 838 970 petitionem
858 891 1047 952 reservavit.
1083 911 1153 949 nam
1184 898 1217 948 et
1243 889 1275 946 L.
1294 887 1336 944 lu·

275 975 353 1036 culli
377 973 550 1043 exercitus,
573 973 628 1053 qui
651 975 690 1034 ad
709 974 902 1055 triumphum
923 981 1131 1044 convenerat,
1154 971 1242 1030 idem
1258 989 1336 1029 coner

275 1058 310 1118 Ia.
333 1056 487 1118 Murenae
517 1064 647 1136 praesto
677 1057 758 1130 t'oit3
792 1065 825 1118 et
850 1079 963 1118 munus
996 1055 1249 1136 amplissimum,
1277 1052 1336 1132 qual

274 1140 391 1220 petitio
422 1147 590 1219 praeturae
624 1140 852 1214 desiderabat,
892 1151 1043 1222 praetura
1064 1137 1228 1200 restituit.
1282 1133 1337 1192 b'nn

272 1222 333 1281 tibi
358 1221 437 1282 baec
459 1241 557 1302 parva
574 1221 923 1285 videnturadinmenta
938 1231 974 1284 et
989 1221 1133 1282 subsidia
1152 1215 1336 1278 consolaturi

271 1304 421 1366 voluntas
449 1305 627 1366 militumi.
653 1326 734 1388 qnae
765 1329 836 1366 cum
863 1328 921 1388 per
951 1329 988 1366 se
1017 1305 1104 1366 valet
1137 1301 1338 1367 multitudine,

273 1409 343 1449 cum
372 1389 456 1468 aliud
487 1409 561 1448 suos
592 1388 714 1466 gratim
744 1397 811 1450 tum
842 1411 919 1450 vero
952 1390 985 1449 in
1010 1385 1145 1449 *consule
1169 1381 1338 1444 declaranda

271 1469 403 1530 multum
427 1471 521 1529 etiam
546 1470 629 1550 apud
652 1470 834 1534 universnm
855 1473 1010 1553 populum
1030 1472 1210 1530 Romanum
1233 1463 1339 1526 auctori·

271 1554 350 1612 tatis
376 1551 472 1613 habet
496 1553 678 1632 suffragatio
703 1555 871 1624 militaris;
898 1557 1107 1635 imperatores
1126 1551 1214 1610 enim
1231 1546 1336 1609 comitii
1384 1595 1385 1604 ,

273 1633 518 1702 consularibus.
541 1657 606 1698 non
627 1635 795 1698 vorborum
817 1640 1016 1718 interpretes
1039 1635 1239 1712 deliguntur.
1269 1647 1336 1714 quare

273 1719 377 1797 gravis
401 1725 450 1776 est
472 1717 530 1776 illa
552 1720 678 1792 oratio,
707 1743 762 1781 ¹me
794 1723 940 1792 scanciam,
956 1721 1132 1781 recreavit:
1167 1739 1216 1777 me
1243 1712 1339 1798 praede

272 1801 420 1862 donavit:
451 1801 508 1860 hoc
531 1794 609 1863 elisee
632 1812 738 1862 eastra
759 1806 913 1885 cepimus,
936 1805 1027 1886 siqua
1049 1801 1258 1862 connitimur:
1286 1818 1338 1890 nuen-

273 1905 364 1962 quam
395 1885 452 1944 iste
479 1886 553 1964 pirus
583 1885 677 1945 metiti
708 1887 826 1947 labaris
856 1889 1022 1968 imposuit,
1054 1906 1145 1966 queam
1174 1883 1240 1966 sibi
1259 1883 1339 1941 serrati

273 1970 361 2048 ipse,-
383 1988 450 2027 arem
470 1967 586 2048 fortis,
608 1977 672 2028 tum
694 1971 786 2044 etiam
805 1969 893 2050 felix.
938 1969 1012 2029 lloc
1040 1967 1152 2048 quanti
1175 1972 1272 2046 putas
1291 1979 1340 2056 erse

274 2050 314 2109 ed
336 2047 449 2108 samam
472 2049 691 2110 hominumue
714 2050 940 2112 voluntatem?
973 2051 1112 2122 etenim,
1136 2048 1164 2108 si
1186 2055 1278 2108 tanta
1295 2043 1340 2102 illn

275 2132 412 2191 comitiis
434 2130 550 2212 religio
569 2140 640 2204 est,
663 2141 699 2194 ut
722 2133 826 2195 adbuc
849 2155 976 2215 semper
1001 2155 1093 2194 omen
1114 2131 1257 2192 valuerit
1275 2147 1341 2209 prac-

271 2215 467 2294 rogativam
500 2213 576 2297 quid
593 2211 711 2298 'mirum
734 2224 801 2292 est,
830 2217 865 2276 in
887 2217 949 2278 boc
972 2217 1142 2278 felicitatis
1165 2215 1279 2274 famam
1297 2229 1341 2271 ser·

272 2318 460 2380 moremque
491 2297 658 2358 valuisse?

275 2500 441 2552 Garatonius
453 2509 488 2558 τὸ
502 2503 583 2552 artinis
600 2505 738 2570 antiquum
754 2503 937 2554 accusativum
954 2521 1011 2554 esse
1026 2505 1144 2573 putarit,
1164 2503 1342 2573 explicuitque

276 2587 341 2638 qaas
360 2587 462 2630 orrerees3
484 2581 510 2624 et
531 2591 593 2623 sane
608 2575 670 2624 Par.
688 2573 715 2624 8.
731 2573 815 2623 habet
830 2591 922 2625 ornasse.

325 2657 406 2690 errares
426 2640 458 2692 L.
477 2641 549 2691 Mar.
587 2643 642 2692 Pro
665 2643 716 2694 bae
742 2644 856 2692 omniunt
875 2643 953 2692 Parr.
969 2641 1040 2692 Pall.
1059 2641 1129 2697 011.
1149 2651 1216 2696 cett.
1240 2641 1308 2694 cade
1325 2641 1342 2688 ti

275 2711 335 2762 cdd,
344 2718 411 2762 vett.
419 2709 483 2762 lect.
494 2712 638 2762 Lambinus
651 2714 726 2764 dedit
736 2715 848 2763 corruitiir
858 2709 1031 2771 LMarenae,
1040 2714 1073 2763 de
1084 2713 1252 2766 Hotomanni
1264 2711 1342 2777 conjec-

274 2788 352 2840 tura,
383 2798 460 2848 quam
477 2781 587 2832 firmare
606 2784 714 2833 ridetur
729 2783 805 2834 locus
819 2785 914 2833 similis
931 2802 957 2846 p.
974 2784 1068 2836 Plane.
1087 2783 1120 2835 8.
1157 2785 1198 2834 111·
1215 2782 1341 2848 tutequitct

273 2852 405 2909 Romani,
437 2859 477 2901 tot
493 2854 592 2902 tribeati
610 2855 728 2912 aerarii,
764 2873 823 2902 ruam
838 2853 939 2922 plebem
957 2871 973 2902 a
986 2853 1093 2922 jrcdieia
1113 2854 1271 2912 abnieim,
1297 2864 1341 2917 Ψ(

253 2915 369 2972 *carata
390 2923 503 2972 correitiis
525 2919 630 2990 adficit,
658 2923 722 2988 periei
741 2925 861 2981 roboris,
890 2924 954 2990 qnid
979 2923 1223 2996 diprritatis’lbsp’ns
1245 2916 1339 2992 petitioni

276 2992 442 3042 attulerunt?
468 3023 498 3032 -
545 2991 700 3062 Garatonio
729 2993 873 3062 legendum
897 2995 1041 3045 videbatur
1065 2997 1180 3044 comitiis
1206 2995 1284 3044 Lacte
1302 2989 1342 3038 lit·

275 3081 363 3112 ranae.
399 3079 420 3114 v.
439 3081 467 3132 p.
486 3063 579 3114 Plane.
600 3064 654 3123 ll,
683 3065 761 3131 eilde
785 3065 910 3115 alrsoluto
928 3065 1107 3116 ablativorurn
1125 3065 1256 3122 comitiis,
1281 3059 1341 3113 aaa,

275 3149 326 3182 usu
341 3132 463 3182 Rhenan.
484 3132 570 3183 Gran.
591 3143 618 3185 et
631 3135 715 3183 Drals.
734 3135 768 3183 ad
784 3135 843 3186 Liv.
861 3133 968 3194 1156,
995 3133 1009 3185 l
1031 3140 1058 3185 et
1073 3135 1160 3184 XXX
1178 3134 1215 3195 ’1,
1241 3135 1265 3186 l.

330 3219 421 3252 neutras
435 3203 550 3272 arapliss.
570 3206 587 3253 i.
604 3223 626 3255 e.
645 3204 724 3254 ludos
739 3206 927 3272 Apollinares,
949 3205 981 3254 ele
998 3206 1095 3272 quibus
1113 3202 1295 3256 Licxxtffl
1306 3195 1342 3248 95=

277 3271 349 3321 Laeli
367 3271 542 3341 Apollinares
563 3273 595 3335 Q.
612 3273 725 3342 Fulvio,
753 3275 806 3344 Ap.
828 3273 941 3324 Claudio
959 3293 1023 3324 cass.
1047 3275 1088 3343 [a.
1109 3273 1189 3342 542]
1215 3295 1232 3324 a
1248 3278 1342 3343 praesint·t

277 3343 351 3391 arbis
372 3345 484 3414 prinnina
508 3343 575 3410 faeti
596 3352 679 3394 eraut.
717 3344 783 3396 Inde
806 3363 890 3395 ornnes
911 3345 1004 3394 deinde
1020 3353 1157 3414 praetores
1183 3345 1277 3394 urbani
1295 3340 1342 3407 [cce-

277 3419 349 3462 rant.
368 3407 400 3452 ss-
438 3413 471 3464 P.
495 3411 615 3464 Licinias
640 3415 728 3464 Varas
748 3419 859 3484 praetor
879 3417 952 3465 serbis
979 3415 1021 3484 [a.
1040 3413 1119 3483 546]
1144 3415 1227 3485 lepcm
1244 3413 1305 3482 [erre
1319 3401 1342 3455 al

275 3483 402 3551 papalum
417 3483 528 3552 jressus,
553 3493 582 3533 at
604 3483 633 3534 bt
655 3479 761 3535 tradita
774 3493 925 3555 perpetuane
948 3486 976 3534 ia
994 3493 1093 3536 statam
1110 3483 1177 3534 diem
1195 3489 1341 3535 voverentur:

279 3555 334 3620 ipse
345 3553 446 3620 primas
458 3555 502 3610 ita
517 3555 607 3612 vovit,
632 3554 746 3622 fecitque
766 3564 827 3605 ante
850 3557 916 3605 diem
941 3558 1047 3605 tertiam
1061 3557 1152 3606 Nonas
1169 3545 1341 3618 Quintileszt'!

279 3624 335 3674 dics
353 3623 414 3672 inde
432 3625 554 3674 solemnis
568 3632 698 3674 seruatas.
735 3644 759 3676 v.
778 3627 861 3675 XXV
880 3625 926 3675 12.
947 3623 1006 3677 Cic.
1026 3625 1097 3679 Phil.
1117 3625 1150 3675 II
1168 3626 1214 3676 15.

332 3710 388 3742 enm
405 3694 500 3761 apanis
521 3695 567 3745 Ita
584 3693 662 3743 Parr.
682 3695 711 3744 ll.
725 3695 752 3747 8.
770 3693 797 3746 9.
815 3689 885 3747 O'lx.
907 3695 967 3746 cdd.
983 3696 1078 3750 Lamb.
1098 3714 1171 3763 seqq.
1208 3695 1241 3744 ln
1255 3691 1308 3741 Par.
1324 3681 1340 3732 l·

281 3761 365 3834 [cett.
384 3763 476 3834 0xx.]
496 3765 555 3814 cdd.
573 3771 636 3815 rett.
654 3765 824 3832 legiturtrpn
843 3765 913 3834 apud
920 3803 927 3822 ‚
947 3767 1081 3834 probante
1097 3766 1257 3816 Garatonio.
1289 3751 1339 3808 liiii

281 3831 332 3880 hac
347 3835 547 3900 permutatione
564 3835 671 3886 facilius
687 3844 768 3904 atque
787 3837 965 3904 frequentius.
999 3837 1074 3886 Fam.
1090 3835 1133 3900 IX
1153 3835 1205 3885 15:
1242 3831 1340 3881 Volant

283 3902 332 3952 inre
348 3905 461 3953 receneris
481 3923 537 3954 enrn
558 3907 622 3974 ipsis
642 3907 732 3956 amicis
751 3907 913 3964 baronibus,
945 3913 998 3955 tarn
1016 3907 1154 3974 rrrarricipio
1174 3901 1284 3958 Calene,
1306 3904 1340 3974 ²1¹¹}

284 3971 384 4038 Leptae
401 3974 474 4024 darc.
511 3993 538 4045 p.
556 3972 694 4026 dempsit:
730 3975 779 4026 Vir
795 3996 850 4027 carn
867 3979 931 4046 reip.
950 3985 1003 4024 tarn
1021 3977 1103 4034 anibi,
1131 3984 1183 4025 tarn
1203 3975 1276 4025 etiam
1293 3981 1339 4017 vm·

284 4043 337 4092 tati
356 4045 533 4095 amicissimus.
561 4047 601 4096 At
617 4065 643 4114 p.
661 4046 690 4096 S.
707 4043 788 4098 Rosc.
806 4047 828 4114 ξ.
843 4045 891 4096 62.
910 4047 1035 4116 plerique
1054 4047 1133 4097 Parr.
1147 4044 1219 4096 051.
1236 4035 1340 4112 prsebtssi

285 4131 341 4162 cnm
357 4115 415 4166 vita
433 4117 609 4183 provulgata
626 4123 677 4164 tarn
692 4118 757 4167 vita.
791 4117 888 4166 Paullo
904 4117 1068 4186 postLamb,
1084 4117 1151 4168 Ero.
1170 4117 1265 4181 aliique
1280 4111 1339 4159 inter·

285 4190 409 4252 pungunt
425 4191 485 4234 ante
496 4185 571 4254 'baffia
581 4187 716 4252 militaris,
734 4205 801 4254 quae
812 4187 897 4238 verba
911 4189 939 4237 iu
955 4189 1014 4238 cdd.
1033 4195 1097 4240 vett.
1109 4187 1178 4238 (lxx.
1194 4183 1339 4240 amnibusque

287 4251 465 4304 Para-scoddss
483 4273 541 4305 crtrn
556 4257 703 4324 praecedd.
717 4258 875 4328 junguntur.
893 4288 923 4298 --
951 4257 986 4308 acl
1001 4257 1106 4329 farriam.
1128 4252 1284 4310 0fl'.11ll‚
1300 4242 1337 4297 5⁰²

288 4321 322 4372 lul
339 4343 395 4372 cum
407 4326 582 4392 pericrclasrnn
596 4313 647 4394 ipsi
663 4335 719 4384 est,
739 4336 791 4378 tuna
805 4330 888 4394 etiam„
898 4325 1032 4379 sordidaris
1047 4330 1083 4378 ad
1090 4327 1196 4398 famam.
1302 4387 1307 4400 Ι

304 4399 306 4411 “
338 4397 543 4466 praerogativae
562 4405 622 4447 sunt
638 4396 745 4458 tribus,
765 4399 834 4468 quse
850 4399 944 4466 [sorte
960 4399 1078 4469 ductae]
1092 4399 1194 4470 primae
1211 4393 1336 4457 sbffnffffl'
