<?xml version="1.0" encoding="UTF-8"?>
<!DOCTYPE html PUBLIC "-//W3C//DTD XHTML 1.0 Transitional//EN"
    "http://www.w3.org/TR/xhtml1/DTD/xhtml1-transitional.dtd">
<html xmlns="http://www.w3.org/1999/xhtml" xml:lang="en" lang="en">
 <head>
  <title>
</title>
<meta http-equiv="Content-Type" content="text/html;charset=utf-8" />
  <meta name='ocr-system' content='tesseract 3.04.00' />
  <meta name='ocr-capabilities' content='ocr_page ocr_carea ocr_par ocr_line ocrx_word'/>
</head>
<body>
  <div class='ocr_page' id='page_1' title='image "./mtulliiciceroni67cicegoog/mtulliiciceroni67cicegoog_0235.png"; bbox 0 0 2782 5022; ppageno 0'>
   <div class='ocr_carea' id='block_1_1' title="bbox 133 316 1006 402">
    <p class='ocr_par' dir='ltr' id='par_1_1' title="bbox 133 316 1006 402">
     <span class='ocr_line' id='line_1_1' title="bbox 133 316 1006 402; baseline -0.002 -20"><span class='ocrx_word' id='word_1_1' title='bbox 133 359 146 382; x_wconf 71' lang='grc'><strong>.</strong></span> <span class='ocrx_word' id='word_1_2' title='bbox 241 323 325 402; x_wconf 72' lang='lat'>255</span> <span class='ocrx_word' id='word_1_3' title='bbox 572 316 1006 386; x_wconf 74' lang='lat' dir='ltr'>onurrorv.</span> 
     </span>
    </p>
   </div>
   <div class='ocr_carea' id='block_1_2' title="bbox 136 489 1375 2322">
    <p class='ocr_par' dir='ltr' id='par_1_2' title="bbox 233 489 1320 588">
     <span class='ocr_line' id='line_1_2' title="bbox 233 489 1320 588; baseline 0.001 -34"><span class='ocrx_word' id='word_1_4' title='bbox 233 491 311 588; x_wconf 55' lang='grc' dir='ltr'>μ’)</span> <span class='ocrx_word' id='word_1_5' title='bbox 321 499 449 556; x_wconf 87' lang='lat' dir='ltr'>eeteros</span> <span class='ocrx_word' id='word_1_6' title='bbox 460 489 961 568; x_wconf 77' lang='lat' dir='ltr'>aivesinterficiendosGahiaio,</span> <span class='ocrx_word' id='word_1_7' title='bbox 969 493 1082 556; x_wconf 83' lang='lat' dir='ltr'>urbem</span> <span class='ocrx_word' id='word_1_8' title='bbox 1090 492 1320 555; x_wconf 79' lang='lat' dir='ltr'>inflammandam</span> 
     </span>
    </p>

    <p class='ocr_par' dir='ltr' id='par_1_3' title="bbox 242 577 1320 660">
     <span class='ocr_line' id='line_1_3' title="bbox 242 577 1320 660; baseline 0 -22"><span class='ocrx_word' id='word_1_9' title='bbox 242 577 381 651; x_wconf 88' lang='lat' dir='ltr'>Cassio,</span> <span class='ocrx_word' id='word_1_10' title='bbox 404 585 505 639; x_wconf 86' lang='lat' dir='ltr'>totam</span> <span class='ocrx_word' id='word_1_11' title='bbox 519 577 650 643; x_wconf 82' lang='lat' dir='ltr'>Italiam</span> <span class='ocrx_word' id='word_1_12' title='bbox 666 581 854 642; x_wconf 83' lang='lat' dir='ltr'>vastandam</span> <span class='ocrx_word' id='word_1_13' title='bbox 872 578 1152 660; x_wconf 84' lang='lat' dir='ltr'>diripiendamque</span> <span class='ocrx_word' id='word_1_14' title='bbox 1168 577 1320 638; x_wconf 78' lang='lat' dir='ltr'>Catilinae.</span> 
     </span>
    </p>

    <p class='ocr_par' dir='ltr' id='par_1_4' title="bbox 240 659 1322 743">
     <span class='ocr_line' id='line_1_4' title="bbox 240 659 1322 743; baseline 0 -24"><span class='ocrx_word' id='word_1_15' title='bbox 240 659 428 721; x_wconf 74' lang='lat' dir='ltr'>vereamini</span> <span class='ocrx_word' id='word_1_16' title='bbox 445 660 497 743; x_wconf 80' lang='lat'>²),</span> <span class='ocrx_word' id='word_1_17' title='bbox 531 683 674 736; x_wconf 80' lang='lat' dir='ltr'>censeo,</span> <span class='ocrx_word' id='word_1_18' title='bbox 707 686 747 724; x_wconf 90' lang='lat' dir='ltr'>ne</span> <span class='ocrx_word' id='word_1_19' title='bbox 766 665 802 726; x_wconf 90' lang='lat' dir='ltr'>in</span> <span class='ocrx_word' id='word_1_20' title='bbox 829 661 892 724; x_wconf 83' lang='lat' dir='ltr'>lroe</span> <span class='ocrx_word' id='word_1_21' title='bbox 919 661 1044 723; x_wconf 82' lang='lat' dir='ltr'>scelere</span> <span class='ocrx_word' id='word_1_22' title='bbox 1065 670 1131 721; x_wconf 86' lang='lat' dir='ltr'>tam</span> <span class='ocrx_word' id='word_1_23' title='bbox 1152 660 1275 720; x_wconf 88' lang='lat' dir='ltr'>immani</span> <span class='ocrx_word' id='word_1_24' title='bbox 1294 682 1322 719; x_wconf 84' lang='lat' dir='ltr'>aa</span> 
     </span>
    </p>

    <p class='ocr_par' dir='ltr' id='par_1_5' title="bbox 241 742 1321 830">
     <span class='ocr_line' id='line_1_5' title="bbox 241 742 1321 830; baseline 0 -26"><span class='ocrx_word' id='word_1_25' title='bbox 241 742 403 816; x_wconf 82' lang='lat' dir='ltr'>nefando,</span> <span class='ocrx_word' id='word_1_26' title='bbox 435 742 535 810; x_wconf 83' lang='lat' dir='ltr'>nimis</span> <span class='ocrx_word' id='word_1_27' title='bbox 560 744 684 830; x_wconf 77' lang='lat' dir='ltr'>aliquid</span> <span class='ocrx_word' id='word_1_28' title='bbox 707 767 819 808; x_wconf 87' lang='lat' dir='ltr'>severe</span> <span class='ocrx_word' id='word_1_29' title='bbox 842 747 998 808; x_wconf 78' lang='lat' dir='ltr'>statuisse</span> <span class='ocrx_word' id='word_1_30' title='bbox 1015 743 1208 816; x_wconf 80' lang='lat' dir='ltr'>videamiai3</span> <span class='ocrx_word' id='word_1_31' title='bbox 1239 743 1321 804; x_wconf 89' lang='lat' dir='ltr'>multo</span> 
     </span>
    </p>

    <p class='ocr_par' dir='ltr' id='par_1_6' title="bbox 240 826 1324 911">
     <span class='ocr_line' id='line_1_6' title="bbox 240 826 1324 911; baseline -0.001 -26"><span class='ocrx_word' id='word_1_32' title='bbox 240 826 341 905; x_wconf 77' lang='lat' dir='ltr'>magis</span> <span class='ocrx_word' id='word_1_33' title='bbox 370 834 420 887; x_wconf 88' lang='lat' dir='ltr'>est</span> <span class='ocrx_word' id='word_1_34' title='bbox 444 828 618 888; x_wconf 86' lang='lat' dir='ltr'>verendum</span> <span class='ocrx_word' id='word_1_35' title='bbox 638 829 687 911; x_wconf 81' lang='lat'>³),</span> <span class='ocrx_word' id='word_1_36' title='bbox 720 852 760 890; x_wconf 91' lang='lat' dir='ltr'>ne</span> <span class='ocrx_word' id='word_1_37' title='bbox 780 829 971 892; x_wconf 80' lang='lat' dir='ltr'>remissione</span> <span class='ocrx_word' id='word_1_38' title='bbox 992 849 1117 909; x_wconf 90' lang='lat' dir='ltr'>poenae</span> <span class='ocrx_word' id='word_1_39' title='bbox 1138 826 1283 888; x_wconf 83' lang='lat' dir='ltr'>crudeles</span> <span class='ocrx_word' id='word_1_40' title='bbox 1298 826 1324 885; x_wconf 90' lang='lat' dir='ltr'>in</span> 
     </span>
    </p>

    <p class='ocr_par' dir='ltr' id='par_1_7' title="bbox 136 907 1324 1060">
     <span class='ocr_line' id='line_1_7' title="bbox 240 907 1324 992; baseline -0.001 -24"><span class='ocrx_word' id='word_1_41' title='bbox 240 909 398 990; x_wconf 87' lang='lat' dir='ltr'>patriam,</span> <span class='ocrx_word' id='word_1_42' title='bbox 433 933 527 992; x_wconf 84' lang='lat' dir='ltr'>qaam</span> <span class='ocrx_word' id='word_1_43' title='bbox 550 933 591 970; x_wconf 90' lang='lat' dir='ltr'>ne</span> <span class='ocrx_word' id='word_1_44' title='bbox 618 913 792 974; x_wconf 86' lang='lat' dir='ltr'>severitate</span> <span class='ocrx_word' id='word_1_45' title='bbox 816 910 1105 974; x_wconf 87' lang='lat' dir='ltr'>animadversionis</span> <span class='ocrx_word' id='word_1_46' title='bbox 1127 909 1224 971; x_wconf 90' lang='lat' dir='ltr'>nimis</span> <span class='ocrx_word' id='word_1_47' title='bbox 1246 907 1324 969; x_wconf 86' lang='lat' dir='ltr'>vehe-</span> 
     </span>
     <span class='ocr_line' id='line_1_8' title="bbox 136 991 1115 1060; baseline 0.001 -8"><span class='ocrx_word' id='word_1_48' title='bbox 136 1054 141 1060; x_wconf 77' lang='grc'>,</span> <span class='ocrx_word' id='word_1_49' title='bbox 242 1001 367 1053; x_wconf 82' lang='lat' dir='ltr'>mentes</span> <span class='ocrx_word' id='word_1_50' title='bbox 386 991 420 1051; x_wconf 92' lang='lat' dir='ltr'>in</span> <span class='ocrx_word' id='word_1_51' title='bbox 440 993 666 1055; x_wconf 83' lang='lat' dir='ltr'>acerbissimos</span> <span class='ocrx_word' id='word_1_52' title='bbox 686 994 798 1056; x_wconf 80' lang='lat' dir='ltr'>hostes</span> <span class='ocrx_word' id='word_1_53' title='bbox 818 997 921 1056; x_wconf 83' lang='lat' dir='ltr'>luisse</span> <span class='ocrx_word' id='word_1_54' title='bbox 941 995 1115 1055; x_wconf 85' lang='lat' dir='ltr'>videamur.</span> 
     </span>
    </p>

    <p class='ocr_par' dir='ltr' id='par_1_8' title="bbox 194 1073 1375 1909">
     <span class='ocr_line' id='line_1_9' title="bbox 194 1073 1324 1162; baseline 0 -30"><span class='ocrx_word' id='word_1_55' title='bbox 194 1075 235 1132; x_wconf 78' lang='lat' dir='ltr'>ld</span> <span class='ocrx_word' id='word_1_56' title='bbox 306 1074 486 1144; x_wconf 63' lang='lat' dir='ltr'>car.,v11.</span> <span class='ocrx_word' id='word_1_57' title='bbox 530 1075 597 1138; x_wconf 88' lang='lat' dir='ltr'>Sed</span> <span class='ocrx_word' id='word_1_58' title='bbox 618 1100 675 1151; x_wconf 86' lang='lat' dir='ltr'>ea,</span> <span class='ocrx_word' id='word_1_59' title='bbox 710 1101 792 1162; x_wconf 88' lang='lat' dir='ltr'>quae</span> <span class='ocrx_word' id='word_1_60' title='bbox 813 1078 972 1152; x_wconf 84' lang='lat' dir='ltr'>exaudio,</span> <span class='ocrx_word' id='word_1_61' title='bbox 996 1083 1113 1160; x_wconf 86' lang='lat' dir='ltr'>patres</span> <span class='ocrx_word' id='word_1_62' title='bbox 1141 1073 1324 1154; x_wconf 81' lang='lat' dir='ltr'>conscripti,</span> 
     </span>
     <span class='ocr_line' id='line_1_10' title="bbox 244 1157 1324 1242; baseline -0.003 -24"><span class='ocrx_word' id='word_1_63' title='bbox 244 1157 449 1218; x_wconf 88' lang='lat' dir='ltr'>dissimulare</span> <span class='ocrx_word' id='word_1_64' title='bbox 469 1180 535 1218; x_wconf 87' lang='lat' dir='ltr'>non</span> <span class='ocrx_word' id='word_1_65' title='bbox 554 1181 696 1242; x_wconf 84' lang='lat' dir='ltr'>possum.</span> <span class='ocrx_word' id='word_1_66' title='bbox 739 1162 910 1223; x_wconf 88' lang='lat' dir='ltr'>Iaeiuntur</span> <span class='ocrx_word' id='word_1_67' title='bbox 929 1159 1013 1222; x_wconf 89' lang='lat' dir='ltr'>enim</span> <span class='ocrx_word' id='word_1_68' title='bbox 1033 1180 1143 1230; x_wconf 83' lang='lat' dir='ltr'>voees,</span> <span class='ocrx_word' id='word_1_69' title='bbox 1166 1180 1249 1240; x_wconf 86' lang='lat' dir='ltr'>qaae</span> <span class='ocrx_word' id='word_1_70' title='bbox 1269 1179 1324 1238; x_wconf 88' lang='lat' dir='ltr'>per-</span> 
     </span>
     <span class='ocr_line' id='line_1_11' title="bbox 242 1241 1324 1328; baseline -0.006 -24"><span class='ocrx_word' id='word_1_71' title='bbox 242 1242 378 1304; x_wconf 79' lang='lat' dir='ltr'>veniunt</span> <span class='ocrx_word' id='word_1_72' title='bbox 405 1241 446 1301; x_wconf 90' lang='lat' dir='ltr'>ad</span> <span class='ocrx_word' id='word_1_73' title='bbox 474 1264 567 1304; x_wconf 84' lang='lat' dir='ltr'>aures</span> <span class='ocrx_word' id='word_1_74' title='bbox 595 1266 705 1318; x_wconf 88' lang='lat' dir='ltr'>meas,</span> <span class='ocrx_word' id='word_1_75' title='bbox 737 1267 867 1318; x_wconf 85' lang='lat' dir='ltr'>eorum,</span> <span class='ocrx_word' id='word_1_76' title='bbox 904 1244 958 1328; x_wconf 89' lang='lat' dir='ltr'>qui</span> <span class='ocrx_word' id='word_1_77' title='bbox 977 1243 1082 1304; x_wconf 87' lang='lat' dir='ltr'>vereri</span> <span class='ocrx_word' id='word_1_78' title='bbox 1100 1242 1273 1318; x_wconf 85' lang='lat' dir='ltr'>videntur,</span> <span class='ocrx_word' id='word_1_79' title='bbox 1299 1248 1324 1298; x_wconf 87' lang='lat' dir='ltr'>ut</span> 
     </span>
     <span class='ocr_line' id='line_1_12' title="bbox 242 1321 1375 1411; baseline -0.003 -27"><span class='ocrx_word' id='word_1_80' title='bbox 242 1321 378 1385; x_wconf 86' lang='lat' dir='ltr'>habeam</span> <span class='ocrx_word' id='word_1_81' title='bbox 395 1324 475 1385; x_wconf 90' lang='lat' dir='ltr'>satis</span> <span class='ocrx_word' id='word_1_82' title='bbox 495 1323 653 1405; x_wconf 86' lang='lat' dir='ltr'>praesidii</span> <span class='ocrx_word' id='word_1_83' title='bbox 673 1327 781 1401; x_wconf 84' lang='lat' dir='ltr'>adea,</span> <span class='ocrx_word' id='word_1_84' title='bbox 804 1350 885 1411; x_wconf 90' lang='lat' dir='ltr'>quae</span> <span class='ocrx_word' id='word_1_85' title='bbox 903 1348 961 1388; x_wconf 90' lang='lat' dir='ltr'>vos</span> <span class='ocrx_word' id='word_1_86' title='bbox 979 1325 1161 1387; x_wconf 83' lang='lat' dir='ltr'>statueritis</span> <span class='ocrx_word' id='word_1_87' title='bbox 1185 1324 1324 1383; x_wconf 85' lang='lat' dir='ltr'>hodierno</span> <span class='ocrx_word' id='word_1_88' title='bbox 1374 1325 1375 1366; x_wconf 48' lang='grc' dir='ltr'>Τ</span> 
     </span>
     <span class='ocr_line' id='line_1_13' title="bbox 243 1406 1326 1492; baseline -0.003 -26"><span class='ocrx_word' id='word_1_89' title='bbox 243 1406 320 1479; x_wconf 86' lang='lat' dir='ltr'>die,</span> <span class='ocrx_word' id='word_1_90' title='bbox 341 1407 565 1489; x_wconf 74' lang='lat' dir='ltr'>transigunda.</span> <span class='ocrx_word' id='word_1_91' title='bbox 610 1409 726 1470; x_wconf 87' lang='lat' dir='ltr'>Omnia</span> <span class='ocrx_word' id='word_1_92' title='bbox 746 1419 780 1472; x_wconf 89' lang='lat' dir='ltr'>et</span> <span class='ocrx_word' id='word_1_93' title='bbox 807 1411 959 1492; x_wconf 80' lang='lat' dir='ltr'>provisa,</span> <span class='ocrx_word' id='word_1_94' title='bbox 989 1418 1022 1470; x_wconf 89' lang='lat' dir='ltr'>et</span> <span class='ocrx_word' id='word_1_95' title='bbox 1040 1416 1188 1489; x_wconf 46' lang='lat' dir='ltr'>paratas</span> <span class='ocrx_word' id='word_1_96' title='bbox 1211 1415 1243 1466; x_wconf 91' lang='lat' dir='ltr'>et</span> <span class='ocrx_word' id='word_1_97' title='bbox 1268 1426 1326 1464; x_wconf 87' lang='lat' dir='ltr'>eon-</span> 
     </span>
     <span class='ocr_line' id='line_1_14' title="bbox 244 1491 1325 1574; baseline -0.004 -24"><span class='ocrx_word' id='word_1_98' title='bbox 244 1491 361 1550; x_wconf 87' lang='lat' dir='ltr'>stitata</span> <span class='ocrx_word' id='word_1_99' title='bbox 378 1500 473 1566; x_wconf 88' lang='lat' dir='ltr'>sunt,</span> <span class='ocrx_word' id='word_1_100' title='bbox 495 1499 605 1572; x_wconf 87' lang='lat' dir='ltr'>patres</span> <span class='ocrx_word' id='word_1_101' title='bbox 624 1494 815 1574; x_wconf 83' lang='lat' dir='ltr'>conscripti,</span> <span class='ocrx_word' id='word_1_102' title='bbox 838 1515 909 1554; x_wconf 86' lang='lat' dir='ltr'>eum</span> <span class='ocrx_word' id='word_1_103' title='bbox 923 1515 994 1554; x_wconf 89' lang='lat' dir='ltr'>mea</span> <span class='ocrx_word' id='word_1_104' title='bbox 1010 1514 1130 1552; x_wconf 85' lang='lat' dir='ltr'>summa</span> <span class='ocrx_word' id='word_1_105' title='bbox 1150 1512 1229 1551; x_wconf 88' lang='lat' dir='ltr'>eura</span> <span class='ocrx_word' id='word_1_106' title='bbox 1247 1497 1325 1570; x_wconf 89' lang='lat' dir='ltr'>atque</span> 
     </span>
     <span class='ocr_line' id='line_1_15' title="bbox 245 1569 1327 1658; baseline -0.003 -28"><span class='ocrx_word' id='word_1_107' title='bbox 245 1573 437 1654; x_wconf 73' lang='lat' dir='ltr'>diligentia,</span> <span class='ocrx_word' id='word_1_108' title='bbox 469 1574 540 1634; x_wconf 77' lang='lat' dir='ltr'>tum¹</span> <span class='ocrx_word' id='word_1_109' title='bbox 561 1576 664 1636; x_wconf 85' lang='lat' dir='ltr'>multo</span> <span class='ocrx_word' id='word_1_110' title='bbox 693 1577 791 1638; x_wconf 88' lang='lat' dir='ltr'>etiam</span> <span class='ocrx_word' id='word_1_111' title='bbox 816 1578 937 1638; x_wconf 85' lang='lat' dir='ltr'>maiore</span> <span class='ocrx_word' id='word_1_112' title='bbox 967 1574 1082 1658; x_wconf 90' lang='lat' dir='ltr'>populi</span> <span class='ocrx_word' id='word_1_113' title='bbox 1111 1573 1269 1644; x_wconf 84' lang='lat' dir='ltr'>Romani,</span> <span class='ocrx_word' id='word_1_114' title='bbox 1297 1569 1327 1628; x_wconf 90' lang='lat' dir='ltr'>ad</span> 
     </span>
     <span class='ocr_line' id='line_1_16' title="bbox 245 1648 1326 1739; baseline -0.006 -23"><span class='ocrx_word' id='word_1_115' title='bbox 245 1659 399 1716; x_wconf 80' lang='lat' dir='ltr'>summurn</span> <span class='ocrx_word' id='word_1_116' title='bbox 415 1656 584 1739; x_wconf 85' lang='lat' dir='ltr'>imperium</span> <span class='ocrx_word' id='word_1_117' title='bbox 606 1660 831 1733; x_wconf 82' lang='lat' dir='ltr'>retinendum,</span> <span class='ocrx_word' id='word_1_118' title='bbox 865 1668 898 1721; x_wconf 91' lang='lat' dir='ltr'>et</span> <span class='ocrx_word' id='word_1_119' title='bbox 924 1659 964 1720; x_wconf 88' lang='lat' dir='ltr'>ad</span> <span class='ocrx_word' id='word_1_120' title='bbox 992 1648 1326 1718; x_wconf 57' lang='lat' dir='ltr'>eommuneal&#39;ortunas</span> 
     </span>
     <span class='ocr_line' id='line_1_17' title="bbox 245 1738 1326 1813; baseline -0.002 -15"><span class='ocrx_word' id='word_1_121' title='bbox 245 1743 507 1813; x_wconf 84' lang='lat' dir='ltr'>conservandas,</span> <span class='ocrx_word' id='word_1_122' title='bbox 530 1740 708 1803; x_wconf 70' lang='lat' dir='ltr'>vuluntate.</span> <span class='ocrx_word' id='word_1_123' title='bbox 753 1743 873 1806; x_wconf 85' lang='lat' dir='ltr'>Omnes</span> <span class='ocrx_word' id='word_1_124' title='bbox 894 1743 1013 1803; x_wconf 86' lang='lat' dir='ltr'>adsunt</span> <span class='ocrx_word' id='word_1_125' title='bbox 1034 1741 1174 1801; x_wconf 87' lang='lat' dir='ltr'>omnium</span> <span class='ocrx_word' id='word_1_126' title='bbox 1198 1738 1326 1800; x_wconf 82' lang='lat' dir='ltr'>ordinum</span> 
     </span>
     <span class='ocr_line' id='line_1_18' title="bbox 243 1820 1326 1909; baseline -0.005 -27"><span class='ocrx_word' id='word_1_127' title='bbox 243 1820 412 1898; x_wconf 78' lang='lat' dir='ltr'>homines,</span> <span class='ocrx_word' id='word_1_128' title='bbox 452 1825 591 1884; x_wconf 84' lang='lat' dir='ltr'>omniurn</span> <span class='ocrx_word' id='word_1_129' title='bbox 620 1827 760 1909; x_wconf 89' lang='lat' dir='ltr'>denique</span> <span class='ocrx_word' id='word_1_130' title='bbox 785 1834 948 1896; x_wconf 80' lang='lat' dir='ltr'>aetatum3</span> <span class='ocrx_word' id='word_1_131' title='bbox 974 1825 1111 1908; x_wconf 78' lang='lat' dir='ltr'>&#39;plenum</span> <span class='ocrx_word' id='word_1_132' title='bbox 1143 1832 1195 1883; x_wconf 84' lang='lat' dir='ltr'>est</span> <span class='ocrx_word' id='word_1_133' title='bbox 1223 1823 1326 1890; x_wconf 87' lang='lat' dir='ltr'>forum,</span> 
     </span>
    </p>

    <p class='ocr_par' dir='ltr' id='par_1_9' title="bbox 138 1901 1327 2242">
     <span class='ocr_line' id='line_1_19' title="bbox 138 1901 1327 1990; baseline -0.005 -25"><span class='ocrx_word' id='word_1_134' title='bbox 138 1905 142 1912; x_wconf 73' lang='grc'><strong><em>’</em></strong></span> <span class='ocrx_word' id='word_1_135' title='bbox 243 1905 342 1987; x_wconf 89' lang='lat' dir='ltr'>plena</span> <span class='ocrx_word' id='word_1_136' title='bbox 362 1907 482 1987; x_wconf 88' lang='lat' dir='ltr'>templa</span> <span class='ocrx_word' id='word_1_137' title='bbox 507 1909 595 1968; x_wconf 85' lang='lat' dir='ltr'>eirea</span> <span class='ocrx_word' id='word_1_138' title='bbox 619 1909 742 1982; x_wconf 83' lang='lat' dir='ltr'>lorum,</span> <span class='ocrx_word' id='word_1_139' title='bbox 771 1909 862 1990; x_wconf 89' lang='lat' dir='ltr'>pleni</span> <span class='ocrx_word' id='word_1_140' title='bbox 887 1929 996 1968; x_wconf 84' lang='lat' dir='ltr'>ornnes</span> <span class='ocrx_word' id='word_1_141' title='bbox 1024 1908 1130 1968; x_wconf 89' lang='lat' dir='ltr'>aditus</span> <span class='ocrx_word' id='word_1_142' title='bbox 1157 1905 1254 1966; x_wconf 87' lang='lat' dir='ltr'>huius</span> <span class='ocrx_word' id='word_1_143' title='bbox 1276 1901 1327 1962; x_wconf 88' lang='lat' dir='ltr'>loei</span> 
     </span>
     <span class='ocr_line' id='line_1_20' title="bbox 245 1985 1326 2074; baseline -0.006 -26"><span class='ocrx_word' id='word_1_144' title='bbox 245 2010 282 2048; x_wconf 90' lang='lat' dir='ltr'>ae</span> <span class='ocrx_word' id='word_1_145' title='bbox 303 1989 425 2070; x_wconf 89' lang='lat' dir='ltr'>templi.</span> <span class='ocrx_word' id='word_1_146' title='bbox 475 1990 583 2051; x_wconf 82' lang='lat' dir='ltr'>Causa</span> <span class='ocrx_word' id='word_1_147' title='bbox 604 2001 654 2052; x_wconf 87' lang='lat' dir='ltr'>est</span> <span class='ocrx_word' id='word_1_148' title='bbox 679 1992 801 2074; x_wconf 74' lang='lat' dir='ltr'>eninr⁴)</span> <span class='ocrx_word' id='word_1_149' title='bbox 833 1999 909 2074; x_wconf 87' lang='lat' dir='ltr'>post</span> <span class='ocrx_word' id='word_1_150' title='bbox 930 1992 1041 2051; x_wconf 87' lang='lat' dir='ltr'>urbem</span> <span class='ocrx_word' id='word_1_151' title='bbox 1068 1989 1234 2050; x_wconf 87' lang='lat' dir='ltr'>conditam</span> <span class='ocrx_word' id='word_1_152' title='bbox 1263 1985 1326 2074; x_wconf 74' lang='lat' dir='ltr'>haee</span> 
     </span>
     <span class='ocr_line' id='line_1_21' title="bbox 244 2071 1326 2155; baseline -0.005 -24"><span class='ocrx_word' id='word_1_153' title='bbox 244 2071 376 2132; x_wconf 88' lang='lat' dir='ltr'>inventa</span> <span class='ocrx_word' id='word_1_154' title='bbox 403 2071 493 2147; x_wconf 87' lang='lat' dir='ltr'>sola,</span> <span class='ocrx_word' id='word_1_155' title='bbox 525 2073 560 2131; x_wconf 93' lang='lat' dir='ltr'>in</span> <span class='ocrx_word' id='word_1_156' title='bbox 587 2097 650 2155; x_wconf 83' lang='lat' dir='ltr'>qua</span> <span class='ocrx_word' id='word_1_157' title='bbox 676 2097 785 2136; x_wconf 90' lang='lat' dir='ltr'>omnes</span> <span class='ocrx_word' id='word_1_158' title='bbox 808 2075 969 2136; x_wconf 79' lang='lat' dir='ltr'>sentirent</span> <span class='ocrx_word' id='word_1_159' title='bbox 996 2095 1093 2134; x_wconf 89' lang='lat' dir='ltr'>unum</span> <span class='ocrx_word' id='word_1_160' title='bbox 1118 2081 1217 2154; x_wconf 86' lang='lat' dir='ltr'>atque</span> <span class='ocrx_word' id='word_1_161' title='bbox 1241 2071 1326 2138; x_wconf 89' lang='lat' dir='ltr'>idem,</span> 
     </span>
     <span class='ocr_line' id='line_1_22' title="bbox 244 2156 1327 2242; baseline -0.003 -28"><span class='ocrx_word' id='word_1_162' title='bbox 244 2163 470 2236; x_wconf 84' lang='lat' dir='ltr'>praetereas,</span> <span class='ocrx_word' id='word_1_163' title='bbox 493 2157 569 2242; x_wconf 85' lang='lat' dir='ltr'>qui,</span> <span class='ocrx_word' id='word_1_164' title='bbox 592 2178 662 2216; x_wconf 89' lang='lat' dir='ltr'>eum</span> <span class='ocrx_word' id='word_1_165' title='bbox 680 2157 743 2218; x_wconf 83' lang='lat' dir='ltr'>sibi</span> <span class='ocrx_word' id='word_1_166' title='bbox 763 2159 911 2219; x_wconf 83' lang='lat' dir='ltr'>viderent</span> <span class='ocrx_word' id='word_1_167' title='bbox 931 2179 1004 2218; x_wconf 88' lang='lat' dir='ltr'>esse</span> <span class='ocrx_word' id='word_1_168' title='bbox 1022 2156 1244 2237; x_wconf 67' lang='lat' dir='ltr'>pereundum</span> <span class='ocrx_word' id='word_1_169' title='bbox 1272 2171 1327 2211; x_wconf 75' lang='lat' dir='ltr'>ou·</span> 
     </span>
    </p>

    <p class='ocr_par' dir='ltr' id='par_1_10' title="bbox 198 2238 1326 2322">
     <span class='ocr_line' id='line_1_23' title="bbox 198 2238 1326 2322; baseline -0.008 -20"><span class='ocrx_word' id='word_1_170' title='bbox 198 2238 393 2302; x_wconf 71' lang='lat' dir='ltr'>{domnibus</span> <span class='ocrx_word' id='word_1_171' title='bbox 421 2239 551 2319; x_wconf 89' lang='lat' dir='ltr'>potius,</span> <span class='ocrx_word' id='word_1_172' title='bbox 584 2263 676 2321; x_wconf 88' lang='lat' dir='ltr'>quam</span> <span class='ocrx_word' id='word_1_173' title='bbox 703 2241 767 2301; x_wconf 87' lang='lat' dir='ltr'>soli</span> <span class='ocrx_word' id='word_1_174' title='bbox 787 2241 900 2322; x_wconf 76' lang='lat' dir='ltr'>&#39;perire</span> <span class='ocrx_word' id='word_1_175' title='bbox 921 2241 1103 2300; x_wconf 84' lang='lat' dir='ltr'>voluerunt.</span> <span class='ocrx_word' id='word_1_176' title='bbox 1148 2239 1262 2296; x_wconf 84' lang='lat' dir='ltr'>Hasce</span> <span class='ocrx_word' id='word_1_177' title='bbox 1281 2253 1326 2310; x_wconf 71' lang='lat' dir='ltr'>ego</span> 
     </span>
    </p>
   </div>
   <div class='ocr_carea' id='block_1_3' title="bbox 248 2329 349 2340">
    <p class='ocr_par' dir='ltr' id='par_1_11' title="bbox 248 2329 349 2340">
     <span class='ocr_line' id='line_1_24' title="bbox 248 2329 349 2340; baseline -0.02 0"><span class='ocrx_word' id='word_1_178' title='bbox 248 2329 349 2340; x_wconf 70' lang='lat' dir='ltr'>—u—</span> 
     </span>
    </p>
   </div>
   <div class='ocr_carea' id='block_1_4' title="bbox 242 2365 1327 2512">
    <p class='ocr_par' dir='ltr' id='par_1_12' title="bbox 242 2365 1327 2512">
     <span class='ocr_line' id='line_1_25' title="bbox 299 2365 1327 2446; baseline -0.025 -5"><span class='ocrx_word' id='word_1_179' title='bbox 299 2372 328 2440; x_wconf 81' lang='lat'>1)</span> <span class='ocrx_word' id='word_1_180' title='bbox 347 2391 399 2424; x_wconf 80' lang='lat'><strong>⁰¹¹¹·</strong></span> <span class='ocrx_word' id='word_1_181' title='bbox 418 2380 452 2424; x_wconf 73' lang='grc' dir='ltr'>θΐ·</span> <span class='ocrx_word' id='word_1_182' title='bbox 489 2373 536 2440; x_wconf 56' lang='lat' dir='ltr'>C)</span> <span class='ocrx_word' id='word_1_183' title='bbox 563 2365 731 2430; x_wconf 79' lang='lat' dir='ltr'>lleremiui.¹</span> <span class='ocrx_word' id='word_1_184' title='bbox 768 2374 799 2442; x_wconf 76' lang='lat'>5)</span> <span class='ocrx_word' id='word_1_185' title='bbox 823 2393 904 2446; x_wconf 85' lang='lat' dir='ltr'>quum</span> <span class='ocrx_word' id='word_1_186' title='bbox 921 2375 1008 2435; x_wconf 79' lang='lat' dir='ltr'>multo</span> <span class='ocrx_word' id='word_1_187' title='bbox 1026 2369 1113 2441; x_wconf 75' lang='lat' dir='ltr'>dagis</span> <span class='ocrx_word' id='word_1_188' title='bbox 1131 2373 1168 2424; x_wconf 86' lang='lat' dir='ltr'>sit</span> <span class='ocrx_word' id='word_1_189' title='bbox 1186 2369 1327 2438; x_wconf 72' lang='lat' dir='ltr'>verendum.</span> 
     </span>
     <span class='ocr_line' id='line_1_26' title="bbox 242 2442 1045 2512; baseline -0.016 -15"><span class='ocrx_word' id='word_1_190' title='bbox 242 2442 275 2512; x_wconf 74' lang='lat' dir='ltr'>d)</span> <span class='ocrx_word' id='word_1_191' title='bbox 295 2442 387 2494; x_wconf 82' lang='lat' dir='ltr'>Causa</span> <span class='ocrx_word' id='word_1_192' title='bbox 406 2445 478 2510; x_wconf 76' lang='lat' dir='ltr'>enirn</span> <span class='ocrx_word' id='word_1_193' title='bbox 498 2450 548 2496; x_wconf 84' lang='lat' dir='ltr'>est.</span> <span class='ocrx_word' id='word_1_194' title='bbox 1042 2456 1045 2466; x_wconf 92' lang='lat'>·</span> 
     </span>
    </p>
   </div>
   <div class='ocr_carea' id='block_1_5' title="bbox 161 2585 1377 4423">
    <p class='ocr_par' dir='ltr' id='par_1_13' title="bbox 244 2585 1326 2792">
     <span class='ocr_line' id='line_1_27' title="bbox 286 2585 1326 2654; baseline -0.003 -16"><span class='ocrx_word' id='word_1_195' title='bbox 286 2588 449 2654; x_wconf 64' lang='lat' dir='ltr'>vereamini.</span> <span class='ocrx_word' id='word_1_196' title='bbox 483 2587 629 2640; x_wconf 81' lang='lat' dir='ltr'>Ernestine</span> <span class='ocrx_word' id='word_1_197' title='bbox 645 2589 737 2641; x_wconf 81' lang='lat' dir='ltr'>invitia</span> <span class='ocrx_word' id='word_1_198' title='bbox 754 2585 834 2647; x_wconf 86' lang='lat' dir='ltr'>eodd.¹</span> <span class='ocrx_word' id='word_1_199' title='bbox 852 2589 975 2642; x_wconf 81' lang='lat' dir='ltr'>correxit</span> <span class='ocrx_word' id='word_1_200' title='bbox 988 2587 1122 2640; x_wconf 69' lang='lat' dir='ltr'>oweoiini.</span> <span class='ocrx_word' id='word_1_201' title='bbox 1156 2586 1252 2646; x_wconf 83' lang='lat' dir='ltr'>Male3</span> <span class='ocrx_word' id='word_1_202' title='bbox 1269 2599 1326 2634; x_wconf 83' lang='lat' dir='ltr'>nau·</span> 
     </span>
     <span class='ocr_line' id='line_1_28' title="bbox 244 2647 1326 2740; baseline -0.006 -32"><span class='ocrx_word' id='word_1_203' title='bbox 244 2675 298 2726; x_wconf 82' lang='lat' dir='ltr'>que</span> <span class='ocrx_word' id='word_1_204' title='bbox 318 2657 389 2708; x_wconf 88' lang='lat' dir='ltr'>Sall.</span> <span class='ocrx_word' id='word_1_205' title='bbox 409 2657 470 2708; x_wconf 86' lang='lat' dir='ltr'>Cat.</span> <span class='ocrx_word' id='word_1_206' title='bbox 492 2657 548 2708; x_wconf 68' lang='lat'>52:</span> <span class='ocrx_word' id='word_1_207' title='bbox 575 2658 759 2740; x_wconf 60' lang='lat' dir='ltr'>Misereamini</span> <span class='ocrx_word' id='word_1_208' title='bbox 775 2647 876 2712; x_wconf 80' lang='lat' dir='ltr'>arnseo.</span> <span class='ocrx_word' id='word_1_209' title='bbox 913 2660 1046 2710; x_wconf 84' lang='lat' dir='ltr'>Lambino</span> <span class='ocrx_word' id='word_1_210' title='bbox 1065 2659 1214 2726; x_wconf 70' lang='lat' dir='ltr'>legendum</span> <span class='ocrx_word' id='word_1_211' title='bbox 1233 2654 1326 2710; x_wconf 77' lang='lat' dir='ltr'>rideba-</span> 
     </span>
     <span class='ocr_line' id='line_1_29' title="bbox 244 2727 1032 2792; baseline 0 -12"><span class='ocrx_word' id='word_1_212' title='bbox 244 2735 307 2781; x_wconf 78' lang='lat' dir='ltr'>tur:</span> <span class='ocrx_word' id='word_1_213' title='bbox 337 2729 504 2786; x_wconf 81' lang='lat' dir='ltr'>Vereaoaini‚</span> <span class='ocrx_word' id='word_1_214' title='bbox 524 2728 601 2779; x_wconf 85' lang='lat' dir='ltr'>eredo</span> <span class='ocrx_word' id='word_1_215' title='bbox 621 2738 669 2781; x_wconf 86' lang='lat' dir='ltr'>ete.</span> <span class='ocrx_word' id='word_1_216' title='bbox 707 2732 766 2782; x_wconf 88' lang='lat' dir='ltr'>Sed</span> <span class='ocrx_word' id='word_1_217' title='bbox 784 2749 809 2783; x_wconf 80' lang='lat' dir='ltr'>a.</span> <span class='ocrx_word' id='word_1_218' title='bbox 828 2732 845 2782; x_wconf 96' lang='lat' dir='ltr'>I</span> <span class='ocrx_word' id='word_1_219' title='bbox 864 2731 927 2785; x_wconf 82' lang='lat' dir='ltr'>Cat.</span> <span class='ocrx_word' id='word_1_220' title='bbox 947 2730 984 2792; x_wconf 72' lang='lat'>2,</span> <span class='ocrx_word' id='word_1_221' title='bbox 1004 2727 1032 2780; x_wconf 71' lang='grc' dir='ltr'>ὃ.</span> 
     </span>
    </p>

    <p class='ocr_par' dir='ltr' id='par_1_14' title="bbox 243 2789 1326 3150">
     <span class='ocr_line' id='line_1_30' title="bbox 297 2789 1325 2871; baseline 0.004 -23"><span class='ocrx_word' id='word_1_222' title='bbox 297 2800 377 2849; x_wconf 83' lang='lat' dir='ltr'>malta</span> <span class='ocrx_word' id='word_1_223' title='bbox 396 2801 481 2868; x_wconf 76' lang='lat' dir='ltr'>mapis</span> <span class='ocrx_word' id='word_1_224' title='bbox 500 2807 540 2848; x_wconf 87' lang='lat' dir='ltr'>est</span> <span class='ocrx_word' id='word_1_225' title='bbox 557 2817 611 2850; x_wconf 84' lang='lat' dir='ltr'>ver.</span> <span class='ocrx_word' id='word_1_226' title='bbox 648 2801 772 2868; x_wconf 86' lang='lat' dir='ltr'>Reposui</span> <span class='ocrx_word' id='word_1_227' title='bbox 796 2801 866 2852; x_wconf 84' lang='lat' dir='ltr'>hane</span> <span class='ocrx_word' id='word_1_228' title='bbox 893 2803 1058 2871; x_wconf 79' lang='lat' dir='ltr'>optimorum</span> <span class='ocrx_word' id='word_1_229' title='bbox 1083 2799 1163 2848; x_wconf 83' lang='lat' dir='ltr'>codd.</span> <span class='ocrx_word' id='word_1_230' title='bbox 1190 2798 1259 2863; x_wconf 60' lang='grc' dir='ltr'>Τις,</span> <span class='ocrx_word' id='word_1_231' title='bbox 1281 2789 1325 2843; x_wconf 70' lang='lat'>⁸⁸¹·</span> 
     </span>
     <span class='ocr_line' id='line_1_31' title="bbox 243 2862 1326 2941; baseline -0.006 -20"><span class='ocrx_word' id='word_1_232' title='bbox 243 2869 331 2921; x_wconf 85' lang='lat' dir='ltr'>Areh.</span> <span class='ocrx_word' id='word_1_233' title='bbox 350 2871 413 2920; x_wconf 78' lang='lat' dir='ltr'>Eri.</span> <span class='ocrx_word' id='word_1_234' title='bbox 433 2871 513 2920; x_wconf 85' lang='lat' dir='ltr'>Parr.</span> <span class='ocrx_word' id='word_1_235' title='bbox 535 2869 561 2920; x_wconf 86' lang='lat' dir='ltr'>l.</span> <span class='ocrx_word' id='word_1_236' title='bbox 580 2869 608 2920; x_wconf 75' lang='grc' dir='ltr'>ὅ.</span> <span class='ocrx_word' id='word_1_237' title='bbox 627 2869 656 2922; x_wconf 73' lang='grc' dir='ltr'>δ.</span> <span class='ocrx_word' id='word_1_238' title='bbox 675 2870 703 2922; x_wconf 84' lang='grc'>8.</span> <span class='ocrx_word' id='word_1_239' title='bbox 723 2871 826 2926; x_wconf 84' lang='lat' dir='ltr'>Graev.</span> <span class='ocrx_word' id='word_1_240' title='bbox 852 2873 935 2941; x_wconf 87' lang='lat' dir='ltr'>primi</span> <span class='ocrx_word' id='word_1_241' title='bbox 960 2872 1107 2923; x_wconf 82' lang='lat' dir='ltr'>lectionem</span> <span class='ocrx_word' id='word_1_242' title='bbox 1125 2869 1154 2919; x_wconf 89' lang='lat' dir='ltr'>in</span> <span class='ocrx_word' id='word_1_243' title='bbox 1172 2867 1264 2932; x_wconf 80' lang='lat' dir='ltr'>locum</span> <span class='ocrx_word' id='word_1_244' title='bbox 1281 2862 1326 2914; x_wconf 77' lang='lat' dir='ltr'>aul·</span> 
     </span>
     <span class='ocr_line' id='line_1_32' title="bbox 244 2935 1326 3010; baseline -0.006 -18"><span class='ocrx_word' id='word_1_245' title='bbox 244 2948 342 3009; x_wconf 77' lang='lat' dir='ltr'>gatae:</span> <span class='ocrx_word' id='word_1_246' title='bbox 368 2935 447 3007; x_wconf 75' lang='lat' dir='ltr'>qulam</span> <span class='ocrx_word' id='word_1_247' title='bbox 469 2940 550 2990; x_wconf 78' lang='lat' dir='ltr'>inulto</span> <span class='ocrx_word' id='word_1_248' title='bbox 578 2958 645 3009; x_wconf 72' lang='lat' dir='ltr'>rnap.</span> <span class='ocrx_word' id='word_1_249' title='bbox 669 2943 706 2994; x_wconf 83' lang='lat' dir='ltr'>sit</span> <span class='ocrx_word' id='word_1_250' title='bbox 724 2941 874 2994; x_wconf 80' lang='lat' dir='ltr'>verendam.</span> <span class='ocrx_word' id='word_1_251' title='bbox 912 2940 1006 3010; x_wconf 89' lang='lat' dir='ltr'>Supra</span> <span class='ocrx_word' id='word_1_252' title='bbox 1025 2957 1116 2990; x_wconf 90' lang='lat' dir='ltr'>omnes</span> <span class='ocrx_word' id='word_1_253' title='bbox 1135 2939 1196 2989; x_wconf 82' lang='lat' dir='ltr'>fere</span> <span class='ocrx_word' id='word_1_254' title='bbox 1217 2937 1291 2988; x_wconf 84' lang='lat' dir='ltr'>codd</span> <span class='ocrx_word' id='word_1_255' title='bbox 1306 2935 1326 2980; x_wconf 77' lang='lat' dir='ltr'>el</span> 
     </span>
     <span class='ocr_line' id='line_1_33' title="bbox 246 3005 1325 3081; baseline -0.01 -18"><span class='ocrx_word' id='word_1_256' title='bbox 246 3012 310 3063; x_wconf 86' lang='lat' dir='ltr'>edd.</span> <span class='ocrx_word' id='word_1_257' title='bbox 330 3017 396 3063; x_wconf 84' lang='lat' dir='ltr'>vett.</span> <span class='ocrx_word' id='word_1_258' title='bbox 415 3011 551 3081; x_wconf 83' lang='lat' dir='ltr'>praebent</span> <span class='ocrx_word' id='word_1_259' title='bbox 569 3013 695 3071; x_wconf 80' lang='lat' dir='ltr'>severius,</span> <span class='ocrx_word' id='word_1_260' title='bbox 718 3013 788 3063; x_wconf 90' lang='lat' dir='ltr'>unde</span> <span class='ocrx_word' id='word_1_261' title='bbox 808 3013 968 3064; x_wconf 75' lang='lat' dir='ltr'>Ernestiusz</span> <span class='ocrx_word' id='word_1_262' title='bbox 988 3011 1094 3078; x_wconf 80' lang='lat' dir='ltr'>aliquid</span> <span class='ocrx_word' id='word_1_263' title='bbox 1110 3011 1231 3060; x_wconf 65' lang='lat' dir='ltr'>aeonius</span> <span class='ocrx_word' id='word_1_264' title='bbox 1249 3005 1325 3056; x_wconf 84' lang='lat' dir='ltr'>deleto</span> 
     </span>
     <span class='ocr_line' id='line_1_34' title="bbox 244 3080 815 3150; baseline -0.002 -16"><span class='ocrx_word' id='word_1_265' title='bbox 244 3080 323 3134; x_wconf 87' lang='lat' dir='ltr'>nimis</span> <span class='ocrx_word' id='word_1_266' title='bbox 342 3083 488 3150; x_wconf 74' lang='lat' dir='ltr'>legendum</span> <span class='ocrx_word' id='word_1_267' title='bbox 508 3100 566 3134; x_wconf 85' lang='lat' dir='ltr'>esse</span> <span class='ocrx_word' id='word_1_268' title='bbox 589 3083 742 3150; x_wconf 83' lang='lat' dir='ltr'>suspicatus</span> <span class='ocrx_word' id='word_1_269' title='bbox 765 3089 815 3134; x_wconf 87' lang='lat' dir='ltr'>eat.</span> 
     </span>
    </p>

    <p class='ocr_par' dir='ltr' id='par_1_15' title="bbox 234 3147 1325 3434">
     <span class='ocr_line' id='line_1_35' title="bbox 296 3147 1325 3221; baseline -0.007 -20"><span class='ocrx_word' id='word_1_270' title='bbox 296 3153 365 3202; x_wconf 86' lang='lat' dir='ltr'>vll.</span> <span class='ocrx_word' id='word_1_271' title='bbox 385 3153 409 3220; x_wconf 71' lang='lat' dir='ltr'>fi.</span> <span class='ocrx_word' id='word_1_272' title='bbox 430 3151 478 3203; x_wconf 74' lang='lat'>14.</span> <span class='ocrx_word' id='word_1_273' title='bbox 498 3151 650 3221; x_wconf 76' lang='lat' dir='ltr'>jaciantur.</span> <span class='ocrx_word' id='word_1_274' title='bbox 678 3147 758 3205; x_wconf 79' lang='lat' dir='ltr'>Haeo</span> <span class='ocrx_word' id='word_1_275' title='bbox 778 3159 820 3204; x_wconf 84' lang='lat' dir='ltr'>est</span> <span class='ocrx_word' id='word_1_276' title='bbox 838 3169 907 3202; x_wconf 87' lang='lat' dir='ltr'>omn.</span> <span class='ocrx_word' id='word_1_277' title='bbox 926 3151 1013 3202; x_wconf 82' lang='lat' dir='ltr'>Bavv.</span> <span class='ocrx_word' id='word_1_278' title='bbox 1032 3148 1095 3198; x_wconf 82' lang='lat' dir='ltr'>Erl&#39;.</span> <span class='ocrx_word' id='word_1_279' title='bbox 1114 3149 1207 3200; x_wconf 71' lang='lat' dir='ltr'>Barlr:</span> <span class='ocrx_word' id='word_1_280' title='bbox 1223 3147 1325 3197; x_wconf 71' lang='lat' dir='ltr'>Graan·</span> 
     </span>
     <span class='ocr_line' id='line_1_36' title="bbox 242 3218 1324 3292; baseline -0.009 -17"><span class='ocrx_word' id='word_1_281' title='bbox 242 3240 340 3276; x_wconf 83' lang='lat' dir='ltr'>novem</span> <span class='ocrx_word' id='word_1_282' title='bbox 359 3223 440 3274; x_wconf 84' lang='lat' dir='ltr'>Parr.</span> <span class='ocrx_word' id='word_1_283' title='bbox 460 3223 561 3283; x_wconf 80' lang='lat' dir='ltr'>lectio,</span> <span class='ocrx_word' id='word_1_284' title='bbox 582 3241 614 3274; x_wconf 87' lang='lat' dir='ltr'>ex</span> <span class='ocrx_word' id='word_1_285' title='bbox 633 3222 732 3292; x_wconf 82' lang='lat' dir='ltr'>quibus</span> <span class='ocrx_word' id='word_1_286' title='bbox 751 3241 819 3276; x_wconf 81' lang='lat' dir='ltr'>nnus</span> <span class='ocrx_word' id='word_1_287' title='bbox 839 3224 903 3277; x_wconf 80' lang='lat' dir='ltr'>Par,</span> <span class='ocrx_word' id='word_1_288' title='bbox 925 3219 981 3281; x_wconf 76' lang='lat' dir='ltr'>lo,</span> <span class='ocrx_word' id='word_1_289' title='bbox 1001 3222 1048 3289; x_wconf 90' lang='lat' dir='ltr'>qui</span> <span class='ocrx_word' id='word_1_290' title='bbox 1065 3219 1168 3271; x_wconf 87' lang='lat' dir='ltr'>nnlliaa</span> <span class='ocrx_word' id='word_1_291' title='bbox 1187 3219 1269 3288; x_wconf 82' lang='lat' dir='ltr'>pretii</span> <span class='ocrx_word' id='word_1_292' title='bbox 1286 3218 1324 3266; x_wconf 79' lang='lat' dir='ltr'>est.</span> 
     </span>
     <span class='ocr_line' id='line_1_37' title="bbox 234 3289 1324 3364; baseline -0.006 -20"><span class='ocrx_word' id='word_1_293' title='bbox 234 3295 381 3364; x_wconf 76' lang='lat' dir='ltr'>jactaretur</span> <span class='ocrx_word' id='word_1_294' title='bbox 399 3295 479 3344; x_wconf 82' lang='lat' dir='ltr'>etiarn</span> <span class='ocrx_word' id='word_1_295' title='bbox 494 3312 562 3364; x_wconf 89' lang='lat' dir='ltr'>prae</span> <span class='ocrx_word' id='word_1_296' title='bbox 578 3311 607 3344; x_wconf 85' lang='lat' dir='ltr'>se</span> <span class='ocrx_word' id='word_1_297' title='bbox 625 3295 701 3355; x_wconf 79' lang='lat' dir='ltr'>fert3</span> <span class='ocrx_word' id='word_1_298' title='bbox 721 3296 796 3362; x_wconf 83' lang='lat' dir='ltr'>quod</span> <span class='ocrx_word' id='word_1_299' title='bbox 811 3292 924 3347; x_wconf 70' lang='lat' dir='ltr'>veritum</span> <span class='ocrx_word' id='word_1_300' title='bbox 943 3297 1005 3342; x_wconf 86' lang='lat' dir='ltr'>aute</span> <span class='ocrx_word' id='word_1_301' title='bbox 1024 3289 1175 3342; x_wconf 79' lang='lat' dir='ltr'>Graevium</span> <span class='ocrx_word' id='word_1_302' title='bbox 1192 3289 1324 3354; x_wconf 67' lang='lat' dir='ltr'>vulgatam.</span> 
     </span>
     <span class='ocr_line' id='line_1_38' title="bbox 243 3351 1324 3434; baseline -0.006 -18"><span class='ocrx_word' id='word_1_303' title='bbox 243 3371 315 3416; x_wconf 87' lang='lat' dir='ltr'>teste</span> <span class='ocrx_word' id='word_1_304' title='bbox 335 3362 411 3415; x_wconf 83' lang='lat' dir='ltr'>Gell.</span> <span class='ocrx_word' id='word_1_305' title='bbox 424 3364 457 3413; x_wconf 93' lang='lat'>11</span> <span class='ocrx_word' id='word_1_306' title='bbox 472 3362 588 3416; x_wconf 85' lang='lat' dir='ltr'>6multo</span> <span class='ocrx_word' id='word_1_307' title='bbox 605 3364 691 3415; x_wconf 81' lang='lat' dir='ltr'>fusius</span> <span class='ocrx_word' id='word_1_308' title='bbox 707 3365 866 3434; x_wconf 78' lang='lat' dir='ltr'>largiusque</span> <span class='ocrx_word' id='word_1_309' title='bbox 882 3369 932 3422; x_wconf 88' lang='lat' dir='ltr'>est,</span> <span class='ocrx_word' id='word_1_310' title='bbox 952 3379 1032 3432; x_wconf 87' lang='lat' dir='ltr'>quam</span> <span class='ocrx_word' id='word_1_311' title='bbox 1045 3361 1144 3430; x_wconf 71' lang='lat' dir='ltr'>iacere.</span> <span class='ocrx_word' id='word_1_312' title='bbox 1163 3356 1285 3412; x_wconf 67' lang='lat' dir='ltr'>Tuam</span> <span class='ocrx_word' id='word_1_313' title='bbox 1297 3351 1324 3404; x_wconf 57' lang='grc' dir='ltr'>δι</span> 
     </span>
    </p>

    <p class='ocr_par' dir='ltr' id='par_1_16' title="bbox 161 3429 1040 3505">
     <span class='ocr_line' id='line_1_39' title="bbox 161 3429 1040 3505; baseline -0.001 -18"><span class='ocrx_word' id='word_1_314' title='bbox 161 3484 164 3492; x_wconf 83' lang='grc'><strong><em>,</em></strong></span> <span class='ocrx_word' id='word_1_315' title='bbox 243 3435 277 3494; x_wconf 79' lang='lat' dir='ltr'>Si</span> <span class='ocrx_word' id='word_1_316' title='bbox 299 3454 365 3486; x_wconf 85' lang='lat' dir='ltr'>aera</span> <span class='ocrx_word' id='word_1_317' title='bbox 382 3433 489 3504; x_wconf 70' lang='lat' dir='ltr'>fiarent,</span> <span class='ocrx_word' id='word_1_318' title='bbox 508 3453 576 3502; x_wconf 74' lang='lat' dir='ltr'>qaae</span> <span class='ocrx_word' id='word_1_319' title='bbox 587 3435 754 3505; x_wconf 79' lang='lat' dir='ltr'>jacerentur.</span> <span class='ocrx_word' id='word_1_320' title='bbox 851 3429 852 3434; x_wconf 30' lang='lat'>¹</span> <span class='ocrx_word' id='word_1_321' title='bbox 1037 3487 1040 3493; x_wconf 83' lang='grc'>,</span> 
     </span>
    </p>

    <p class='ocr_par' dir='ltr' id='par_1_17' title="bbox 292 3499 1047 3576">
     <span class='ocr_line' id='line_1_40' title="bbox 292 3499 1047 3576; baseline -0.005 -20"><span class='ocrx_word' id='word_1_322' title='bbox 292 3501 507 3576; x_wconf 77' lang='lat' dir='ltr'>perveniaatad</span> <span class='ocrx_word' id='word_1_323' title='bbox 525 3523 612 3557; x_wconf 84' lang='lat' dir='ltr'>nares.</span> <span class='ocrx_word' id='word_1_324' title='bbox 649 3524 674 3558; x_wconf 81' lang='lat' dir='ltr'>v.</span> <span class='ocrx_word' id='word_1_325' title='bbox 695 3523 736 3572; x_wconf 67' lang='lat' dir='ltr'>or,</span> <span class='ocrx_word' id='word_1_326' title='bbox 756 3524 782 3575; x_wconf 95' lang='lat' dir='ltr'>p.</span> <span class='ocrx_word' id='word_1_327' title='bbox 802 3501 940 3556; x_wconf 82' lang='lat' dir='ltr'>Marcello</span> <span class='ocrx_word' id='word_1_328' title='bbox 960 3503 983 3570; x_wconf 70' lang='grc'>5.</span> <span class='ocrx_word' id='word_1_329' title='bbox 999 3499 1047 3552; x_wconf 73' lang='lat' dir='ltr'>uo.</span> 
     </span>
    </p>

    <p class='ocr_par' dir='ltr' id='par_1_18' title="bbox 237 3556 1377 3983">
     <span class='ocr_line' id='line_1_41' title="bbox 298 3556 1377 3645; baseline -0.012 -17"><span class='ocrx_word' id='word_1_330' title='bbox 298 3579 411 3628; x_wconf 83' lang='lat' dir='ltr'>omnium</span> <span class='ocrx_word' id='word_1_331' title='bbox 429 3576 556 3626; x_wconf 74' lang='lat' dir='ltr'>ordinum.</span> <span class='ocrx_word' id='word_1_332' title='bbox 594 3577 627 3628; x_wconf 86' lang='lat' dir='ltr'>In</span> <span class='ocrx_word' id='word_1_333' title='bbox 653 3578 766 3628; x_wconf 88' lang='lat' dir='ltr'>eandem</span> <span class='ocrx_word' id='word_1_334' title='bbox 792 3573 952 3626; x_wconf 84' lang='lat' dir='ltr'>sententiam</span> <span class='ocrx_word' id='word_1_335' title='bbox 973 3571 1033 3624; x_wconf 89' lang='lat' dir='ltr'>Cio.</span> <span class='ocrx_word' id='word_1_336' title='bbox 1058 3589 1086 3640; x_wconf 91' lang='lat' dir='ltr'>p.</span> <span class='ocrx_word' id='word_1_337' title='bbox 1105 3569 1203 3621; x_wconf 85' lang='lat' dir='ltr'>Sextio</span> <span class='ocrx_word' id='word_1_338' title='bbox 1219 3556 1322 3645; x_wconf 39' lang='lat'>51:¹1*</span> <span class='ocrx_word' id='word_1_339' title='bbox 1375 3625 1377 3644; x_wconf 77' lang='lat'>.</span> 
     </span>
     <span class='ocr_line' id='line_1_42' title="bbox 237 3633 1377 3716; baseline -0.015 -17"><span class='ocrx_word' id='word_1_340' title='bbox 237 3664 298 3714; x_wconf 82' lang='lat' dir='ltr'>&#39;qao</span> <span class='ocrx_word' id='word_1_341' title='bbox 317 3648 437 3716; x_wconf 82' lang='lat' dir='ltr'>[caasa]</span> <span class='ocrx_word' id='word_1_342' title='bbox 456 3664 542 3699; x_wconf 77' lang='lat' dir='ltr'>ornnes</span> <span class='ocrx_word' id='word_1_343' title='bbox 561 3645 713 3698; x_wconf 76' lang='lat' dir='ltr'>honestates</span> <span class='ocrx_word' id='word_1_344' title='bbox 725 3647 870 3714; x_wconf 23' lang='lat' dir='ltr'>*civitatib</span> <span class='ocrx_word' id='word_1_345' title='bbox 889 3660 974 3694; x_wconf 83' lang='lat' dir='ltr'>omnes</span> <span class='ocrx_word' id='word_1_346' title='bbox 993 3649 1110 3700; x_wconf 79' lang='lat' dir='ltr'>aetates,</span> <span class='ocrx_word' id='word_1_347' title='bbox 1130 3657 1216 3692; x_wconf 83' lang='lat' dir='ltr'>ornnes</span> <span class='ocrx_word' id='word_1_348' title='bbox 1234 3633 1321 3687; x_wconf 72' lang='lat' dir='ltr'>ordeo</span> <span class='ocrx_word' id='word_1_349' title='bbox 1376 3657 1377 3668; x_wconf 41' lang='grc' dir='ltr'>ι</span> 
     </span>
     <span class='ocr_line' id='line_1_43' title="bbox 243 3712 1321 3787; baseline -0.009 -19"><span class='ocrx_word' id='word_1_350' title='bbox 243 3737 298 3768; x_wconf 80' lang='lat' dir='ltr'>urea</span> <span class='ocrx_word' id='word_1_351' title='bbox 316 3720 490 3770; x_wconf 75' lang='lat' dir='ltr'>comeatiant.</span> <span class='ocrx_word' id='word_1_352' title='bbox 526 3737 554 3787; x_wconf 92' lang='lat' dir='ltr'>p.</span> <span class='ocrx_word' id='word_1_353' title='bbox 576 3719 657 3770; x_wconf 84' lang='lat' dir='ltr'>Sulla</span> <span class='ocrx_word' id='word_1_354' title='bbox 680 3717 732 3770; x_wconf 81' lang='grc' dir='ltr'>1οι</span> <span class='ocrx_word' id='word_1_355' title='bbox 769 3716 864 3766; x_wconf 81' lang='lat' dir='ltr'>Omnes</span> <span class='ocrx_word' id='word_1_356' title='bbox 891 3715 953 3764; x_wconf 76' lang='lat' dir='ltr'>lorti</span> <span class='ocrx_word' id='word_1_357' title='bbox 979 3713 1092 3763; x_wconf 74' lang='lat' dir='ltr'>amatium</span> <span class='ocrx_word' id='word_1_358' title='bbox 1114 3729 1236 3781; x_wconf 70' lang='lat' dir='ltr'>perornan</span> <span class='ocrx_word' id='word_1_359' title='bbox 1258 3712 1321 3787; x_wconf 62' lang='lat' dir='ltr'>“lfl&#39;oe</span> 
     </span>
     <span class='ocr_line' id='line_1_44' title="bbox 243 3779 1320 3857; baseline -0.008 -19"><span class='ocrx_word' id='word_1_360' title='bbox 243 3789 365 3839; x_wconf 80' lang='lat' dir='ltr'>ordinum</span> <span class='ocrx_word' id='word_1_361' title='bbox 383 3807 458 3839; x_wconf 81' lang='lat' dir='ltr'>raam</span> <span class='ocrx_word' id='word_1_362' title='bbox 476 3789 590 3840; x_wconf 84' lang='lat' dir='ltr'>salntem</span> <span class='ocrx_word' id='word_1_363' title='bbox 608 3805 665 3839; x_wconf 85' lang='lat' dir='ltr'>eam</span> <span class='ocrx_word' id='word_1_364' title='bbox 683 3807 740 3856; x_wconf 78' lang='lat' dir='ltr'>mea</span> <span class='ocrx_word' id='word_1_365' title='bbox 757 3786 926 3857; x_wconf 75' lang='lat' dir='ltr'>eonjrmpant.</span> <span class='ocrx_word' id='word_1_366' title='bbox 960 3783 988 3834; x_wconf 91' lang='lat' dir='ltr'>in</span> <span class='ocrx_word' id='word_1_367' title='bbox 1006 3783 1063 3834; x_wconf 84' lang='lat' dir='ltr'>Pia.</span> <span class='ocrx_word' id='word_1_368' title='bbox 1080 3779 1136 3832; x_wconf 75' lang='grc' dir='ltr'>4οι</span> <span class='ocrx_word' id='word_1_369' title='bbox 1160 3780 1201 3832; x_wconf 80' lang='lat' dir='ltr'>De</span> <span class='ocrx_word' id='word_1_370' title='bbox 1218 3787 1320 3846; x_wconf 62' lang='lat' dir='ltr'>31quss</span> 
     </span>
     <span class='ocr_line' id='line_1_45' title="bbox 239 3848 1319 3930; baseline -0.007 -22"><span class='ocrx_word' id='word_1_371' title='bbox 239 3858 345 3928; x_wconf 83' lang='lat' dir='ltr'>pridem</span> <span class='ocrx_word' id='word_1_372' title='bbox 364 3876 449 3909; x_wconf 78' lang='lat' dir='ltr'>omnes</span> <span class='ocrx_word' id='word_1_373' title='bbox 468 3860 593 3910; x_wconf 73' lang='lat' dir='ltr'>mortales</span> <span class='ocrx_word' id='word_1_374' title='bbox 612 3859 727 3910; x_wconf 83' lang='lat' dir='ltr'>omnium</span> <span class='ocrx_word' id='word_1_375' title='bbox 741 3875 883 3930; x_wconf 73' lang='lat' dir='ltr'>penarum,</span> <span class='ocrx_word' id='word_1_376' title='bbox 911 3861 1042 3913; x_wconf 84' lang='lat' dir='ltr'>aetatum,</span> <span class='ocrx_word' id='word_1_377' title='bbox 1068 3852 1189 3904; x_wconf 77' lang='lat' dir='ltr'>ordinum</span> <span class='ocrx_word' id='word_1_378' title='bbox 1199 3848 1319 3922; x_wconf 63' lang='lat' dir='ltr'>judiam·</span> 
     </span>
     <span class='ocr_line' id='line_1_46' title="bbox 248 3930 1095 3983; baseline -0.012 -1"><span class='ocrx_word' id='word_1_379' title='bbox 248 3936 321 3982; x_wconf 80' lang='lat' dir='ltr'>ruat.</span> <span class='ocrx_word' id='word_1_380' title='bbox 357 3948 381 3983; x_wconf 87' lang='lat' dir='ltr'>v.</span> <span class='ocrx_word' id='word_1_381' title='bbox 401 3930 469 3980; x_wconf 87' lang='lat' dir='ltr'>ibid.</span> <span class='ocrx_word' id='word_1_382' title='bbox 489 3930 538 3982; x_wconf 70' lang='lat'>22.</span> <span class='ocrx_word' id='word_1_383' title='bbox 1093 3963 1095 3972; x_wconf 70' lang='lat'>.</span> 
     </span>
    </p>

    <p class='ocr_par' dir='ltr' id='par_1_19' title="bbox 293 3981 1318 4068">
     <span class='ocr_line' id='line_1_47' title="bbox 293 3981 1318 4068; baseline -0.007 -20"><span class='ocrx_word' id='word_1_384' title='bbox 293 3997 669 4068; x_wconf 77' lang='lat' dir='ltr'>pleaeamest.·1)el1aere</span> <span class='ocrx_word' id='word_1_385' title='bbox 689 3997 750 4051; x_wconf 88' lang='lat' dir='ltr'>Cic.</span> <span class='ocrx_word' id='word_1_386' title='bbox 769 3998 797 4048; x_wconf 90' lang='lat' dir='ltr'>in</span> <span class='ocrx_word' id='word_1_387' title='bbox 816 3996 889 4048; x_wconf 83' lang='lat' dir='ltr'>Phil.</span> <span class='ocrx_word' id='word_1_388' title='bbox 907 3990 945 4046; x_wconf 83' lang='lat'>11&#39;</span> <span class='ocrx_word' id='word_1_389' title='bbox 959 3995 995 4048; x_wconf 69' lang='lat'>⁷2</span> <span class='ocrx_word' id='word_1_390' title='bbox 1031 3994 1099 4058; x_wconf 81' lang='lat' dir='ltr'>Quis</span> <span class='ocrx_word' id='word_1_391' title='bbox 1122 4010 1200 4064; x_wconf 81' lang='lat' dir='ltr'>eques</span> <span class='ocrx_word' id='word_1_392' title='bbox 1222 3989 1254 4039; x_wconf 80' lang='lat' dir='ltr'>ll.</span> <span class='ocrx_word' id='word_1_393' title='bbox 1273 3981 1318 4062; x_wconf 56' lang='lat' dir='ltr'>l&#39;l&#39;</span> 
     </span>
    </p>

    <p class='ocr_par' dir='ltr' id='par_1_20' title="bbox 197 4065 1317 4350">
     <span class='ocr_line' id='line_1_48' title="bbox 197 4065 1317 4138; baseline -0.012 -18"><span class='ocrx_word' id='word_1_394' title='bbox 197 4129 199 4134; x_wconf 68' lang='lat'>,</span> <span class='ocrx_word' id='word_1_395' title='bbox 244 4078 405 4138; x_wconf 75' lang='lat' dir='ltr'>praetorto,</span> <span class='ocrx_word' id='word_1_396' title='bbox 425 4070 578 4121; x_wconf 78' lang='lat' dir='ltr'>adolescens</span> <span class='ocrx_word' id='word_1_397' title='bbox 596 4070 711 4129; x_wconf 84' lang='lat' dir='ltr'>nobilis,</span> <span class='ocrx_word' id='word_1_398' title='bbox 730 4071 790 4136; x_wconf 79' lang='lat' dir='ltr'>qais</span> <span class='ocrx_word' id='word_1_399' title='bbox 808 4067 891 4118; x_wconf 82' lang='lat' dir='ltr'>allius</span> <span class='ocrx_word' id='word_1_400' title='bbox 911 4067 1029 4123; x_wconf 82' lang='lat' dir='ltr'>ordinis,</span> <span class='ocrx_word' id='word_1_401' title='bbox 1048 4065 1094 4130; x_wconf 79' lang='lat' dir='ltr'>qai</span> <span class='ocrx_word' id='word_1_402' title='bbox 1111 4081 1139 4113; x_wconf 82' lang='lat' dir='ltr'>se</span> <span class='ocrx_word' id='word_1_403' title='bbox 1157 4065 1235 4113; x_wconf 77' lang='lat' dir='ltr'>einero</span> <span class='ocrx_word' id='word_1_404' title='bbox 1251 4069 1317 4106; x_wconf 68' lang='lat' dir='ltr'>nem·</span> 
     </span>
     <span class='ocr_line' id='line_1_49' title="bbox 243 4131 1317 4207; baseline -0.01 -17"><span class='ocrx_word' id='word_1_405' title='bbox 243 4143 341 4200; x_wconf 83' lang='lat' dir='ltr'>nisset,</span> <span class='ocrx_word' id='word_1_406' title='bbox 370 4158 448 4207; x_wconf 78' lang='lat' dir='ltr'>qaam</span> <span class='ocrx_word' id='word_1_407' title='bbox 471 4150 579 4192; x_wconf 84' lang='lat' dir='ltr'>senatus</span> <span class='ocrx_word' id='word_1_408' title='bbox 604 4142 633 4191; x_wconf 87' lang='lat' dir='ltr'>in</span> <span class='ocrx_word' id='word_1_409' title='bbox 657 4140 707 4190; x_wconf 74' lang='lat' dir='ltr'>liae</span> <span class='ocrx_word' id='word_1_410' title='bbox 732 4137 828 4207; x_wconf 77' lang='lat' dir='ltr'>templo</span> <span class='ocrx_word' id='word_1_411' title='bbox 854 4145 939 4196; x_wconf 80' lang='lat' dir='ltr'>esset,</span> <span class='ocrx_word' id='word_1_412' title='bbox 966 4138 995 4187; x_wconf 90' lang='lat' dir='ltr'>in</span> <span class='ocrx_word' id='word_1_413' title='bbox 1019 4135 1089 4186; x_wconf 86' lang='lat' dir='ltr'>eliae</span> <span class='ocrx_word' id='word_1_414' title='bbox 1111 4131 1258 4201; x_wconf 84' lang='lat' dir='ltr'>Capitolino</span> <span class='ocrx_word' id='word_1_415' title='bbox 1278 4139 1317 4174; x_wconf 71' lang='grc' dir='ltr'><strong>Μ</strong></span> 
     </span>
     <span class='ocr_line' id='line_1_50' title="bbox 241 4203 1315 4280; baseline -0.008 -16"><span class='ocrx_word' id='word_1_416' title='bbox 241 4209 319 4279; x_wconf 82' lang='lat' dir='ltr'>fuit?</span> <span class='ocrx_word' id='word_1_417' title='bbox 355 4213 414 4280; x_wconf 82' lang='lat' dir='ltr'>qais</span> <span class='ocrx_word' id='word_1_418' title='bbox 441 4229 533 4263; x_wconf 83' lang='lat' dir='ltr'>nomen</span> <span class='ocrx_word' id='word_1_419' title='bbox 556 4229 608 4262; x_wconf 87' lang='lat' dir='ltr'>noa</span> <span class='ocrx_word' id='word_1_420' title='bbox 626 4211 723 4262; x_wconf 76' lang='lat' dir='ltr'>dedit?</span> <span class='ocrx_word' id='word_1_421' title='bbox 762 4210 929 4274; x_wconf 76' lang='lat' dir='ltr'>eranrqaam</span> <span class='ocrx_word' id='word_1_422' title='bbox 944 4226 993 4260; x_wconf 86' lang='lat' dir='ltr'>nea</span> <span class='ocrx_word' id='word_1_423' title='bbox 1010 4205 1115 4258; x_wconf 77' lang='lat' dir='ltr'>arridae</span> <span class='ocrx_word' id='word_1_424' title='bbox 1132 4203 1258 4274; x_wconf 69' lang='lat' dir='ltr'>sufficere.</span> <span class='ocrx_word' id='word_1_425' title='bbox 1281 4207 1315 4244; x_wconf 69' lang='grc' dir='ltr'>Μ*</span> 
     </span>
     <span class='ocr_line' id='line_1_51' title="bbox 243 4269 1314 4350; baseline -0.009 -20"><span class='ocrx_word' id='word_1_426' title='bbox 243 4283 352 4334; x_wconf 79' lang='lat' dir='ltr'>tabulae</span> <span class='ocrx_word' id='word_1_427' title='bbox 362 4283 468 4332; x_wconf 73' lang='lat' dir='ltr'>oramina</span> <span class='ocrx_word' id='word_1_428' title='bbox 477 4301 566 4336; x_wconf 82' lang='lat' dir='ltr'>eoram</span> <span class='ocrx_word' id='word_1_429' title='bbox 574 4300 668 4350; x_wconf 79' lang='lat' dir='ltr'>capere</span> <span class='ocrx_word' id='word_1_430' title='bbox 674 4275 827 4350; x_wconf 68' lang='lat' dir='ltr'>patrissant.</span> <span class='ocrx_word' id='word_1_431' title='bbox 846 4297 871 4330; x_wconf 87' lang='lat' dir='ltr'>v.</span> <span class='ocrx_word' id='word_1_432' title='bbox 882 4279 965 4329; x_wconf 86' lang='lat' dir='ltr'>Dion.</span> <span class='ocrx_word' id='word_1_433' title='bbox 976 4275 1054 4328; x_wconf 82' lang='lat' dir='ltr'>Cass.</span> <span class='ocrx_word' id='word_1_434' title='bbox 1064 4274 1210 4334; x_wconf 74' lang='lat' dir='ltr'>xxxvll</span> <span class='ocrx_word' id='word_1_435' title='bbox 1218 4269 1253 4322; x_wconf 73' lang='lat'>55</span> <span class='ocrx_word' id='word_1_436' title='bbox 1263 4271 1314 4344; x_wconf 60' lang='lat' dir='ltr'>ctis·</span> 
     </span>
    </p>

    <p class='ocr_par' dir='ltr' id='par_1_21' title="bbox 297 4335 1314 4423">
     <span class='ocr_line' id='line_1_52' title="bbox 297 4335 1314 4423; baseline -0.008 -17"><span class='ocrx_word' id='word_1_437' title='bbox 297 4373 355 4406; x_wconf 75' lang='lat' dir='ltr'>aaa</span> <span class='ocrx_word' id='word_1_438' title='bbox 369 4353 495 4406; x_wconf 72' lang='lat' dir='ltr'>annitar.</span> <span class='ocrx_word' id='word_1_439' title='bbox 532 4372 561 4423; x_wconf 90' lang='lat' dir='ltr'>p.</span> <span class='ocrx_word' id='word_1_440' title='bbox 577 4353 675 4407; x_wconf 82' lang='lat' dir='ltr'>Sextio</span> <span class='ocrx_word' id='word_1_441' title='bbox 690 4349 747 4405; x_wconf 68' lang='lat'>462</span> <span class='ocrx_word' id='word_1_442' title='bbox 772 4349 808 4404; x_wconf 80' lang='lat' dir='ltr'>ln</span> <span class='ocrx_word' id='word_1_443' title='bbox 822 4355 899 4402; x_wconf 76' lang='lat' dir='ltr'>tanto</span> <span class='ocrx_word' id='word_1_444' title='bbox 910 4349 1007 4402; x_wconf 78' lang='lat' dir='ltr'>etaiam</span> <span class='ocrx_word' id='word_1_445' title='bbox 1021 4363 1127 4400; x_wconf 80' lang='lat' dir='ltr'>numera</span> <span class='ocrx_word' id='word_1_446' title='bbox 1142 4359 1235 4417; x_wconf 72' lang='lat' dir='ltr'>naaqna</span> <span class='ocrx_word' id='word_1_447' title='bbox 1247 4335 1314 4391; x_wconf 54' lang='grc' dir='ltr'>ΝΜ·</span> 
     </span>
    </p>
   </div>
   <div class='ocr_carea' id='block_1_6' title="bbox 0 0 1397 5022">
    <p class='ocr_par' dir='ltr' id='par_1_22' title="bbox 0 0 1397 5022">
     <span class='ocr_line' id='line_1_53' title="bbox 0 0 1397 5022; baseline 0 0"><span class='ocrx_word' id='word_1_448' title='bbox 0 0 1397 5022; x_wconf 95' lang='lat' dir='ltr'> </span> 
     </span>
    </p>
   </div>
  </div>
 </body>
</html>
