2766 5026
290 401 380 455 nno
405 403 439 456 τ.
466 401 619 456 annio
644 365 840 460 mnonn.
927 471 933 483 ,
1039 413 1120 490 291

45 581 91 624 tom
107 587 178 629 esse,
198 570 270 637 qnod
284 570 361 638 nulla
375 572 416 622 vis
431 589 556 640 umquam
572 572 651 624 sitin
668 574 760 630 libera
777 571 889 630 civitate
906 587 1034 651 suscepta
1048 582 1123 634 inter
1143 591 1146 620 ¹

45 645 106 695 eires
121 658 170 691 non
187 647 282 692 contra
295 642 503 710 rempublicam.
540 643 564 710 5
582 643 706 694 ld-ld.

102 712 129 780 5)
147 711 197 762 Cn.
211 710 371 779 Pompeium
395 713 540 781 rogatione
563 731 612 764 sua
630 720 658 765 et
674 716 707 767 de
724 733 754 766 re
778 717 857 769 etde
876 737 958 772 caneo
973 721 1122 790 judicasse.

45 814 69 826 -
86 783 239 850 ll'espondct
254 781 376 841 Cicero,
405 782 457 834 Cn.
475 783 653 852 Pompeium,
682 788 796 854 quinon
809 806 926 857 poenam
941 793 1121 852 confessioni,

43 856 82 906 sed
103 853 279 904 defensionem
302 853 427 914 dederit,
455 854 556 906 vidisse
583 855 664 906 etium
686 858 717 906 in
741 859 912 911 confessione
936 861 1024 921 facti,
1049 865 1122 933 juris

43 934 116 976 tamen
133 924 313 975 defensionem
331 925 434 993 suscipi
448 942 548 994 posse3
569 942 693 994 eumque,
713 929 787 995 qnod
804 931 915 992 fecerit,
934 950 990 982 non
1004 932 1036 982 P.
1054 933 1121 984 Clo·

43 994 261 1046 distribuendum
278 1001 406 1064 putasse,
434 996 485 1046 sed
505 997 641 1072 tempori:
678 1015 766 1065 neque
789 1001 861 1051 enim
881 1002 914 1052 de
931 1003 969 1053 M.
988 1003 1074 1055 Drusi
1093 1011 1121 1055 et

42 1067 66 1116 Ρ.
79 1067 199 1117 Africani
215 1073 321 1123 morte,
349 1083 438 1136 neque
463 1067 497 1116 dc
517 1065 558 1116 M.
577 1066 691 1135 Papirio
717 1070 745 1118 in
760 1070 916 1139 Appiaria
934 1073 997 1124 21³.
1017 1073 1120 1125 Clodio

42 1138 134 1196 occiso,
159 1153 246 1203 neque
269 1137 304 1187 de
328 1135 451 1195 insidiis,
479 1153 545 1206 quas
561 1137 634 1188 idem
653 1136 705 1189 Cn.
724 1139 857 1209 Pompeio
875 1149 903 1194 et
917 1143 971 1213 ipsi
988 1142 1121 1196 Ciceroni

42 1208 141 1265 fecerit,
166 1206 251 1257 ullam
275 1208 461 1274 quaestionem
484 1227 500 1258 a
519 1214 617 1258 senatu
636 1209 776 1261 decretam
794 1229 878 1264 esse·
899 1213 923 1282 5.
945 1213 1069 1266 tlt-ul.
1087 1245 1120 1256 -

42 1279 88 1328 lieo
103 1276 172 1328 hisce
190 1277 370 1347 praejudiciis
387 1278 524 1337 liberato,
546 1284 573 1328 et
582 1278 707 1348 judicum
723 1287 805 1348 utque
820 1285 906 1354 ipsius
923 1284 976 1336 Cn.
993 1284 1120 1355 Pompeii

42 1348 211 1399 benevolentia
228 1355 356 1416 captata,
376 1356 473 1398 orator
490 1350 649 1410 contendit,
681 1349 750 1401 nihil
761 1352 819 1420 jam
839 1355 916 1406 alind
933 1359 1120 1425 quaerendum

42 1437 87 1470 esse
96 1431 108 1478 ,'
120 1420 170 1469 nisi
185 1425 249 1469 nter
263 1419 321 1469 utri
333 1419 448 1469 insidias
465 1419 575 1469 fecerit.
613 1420 636 1487 5.
653 1420 779 1472 92—25.

95 1490 220 1557 Sequitur
230 1490 290 1559 jam
304 1491 427 1539 narratio
447 1490 489 1546 rei
506 1496 619 1556 gestae,
639 1492 679 1542 ita
696 1494 857 1561 composita,
877 1500 907 1544 ut
926 1511 959 1546 ex
973 1496 1119 1566 proposito
1209 1523 1215 1536 ·

43 1557 117 1610 Clodii
139 1559 190 1610 fine
211 1565 241 1611 et
265 1567 393 1629 suscepto
419 1559 539 1620 itinere,
568 1560 664 1612 aloco
680 1580 789 1630 pugnae
809 1566 910 1615 ceteris
932 1583 965 1616 ne
982 1549 1119 1638 adjurictis

42 1630 105 1681 facile
125 1631 316 1699 intelligatur,
344 1637 407 1682 nter
424 1629 481 1682 utri
499 1630 614 1680 insidias
634 1632 744 1684 fecerit.
773 1635 796 1702 5.
815 1583 939 1688 tl-sd.
958 1665 990 1676 -
1026 1637 1120 1689 Finita

42 1701 173 1752 narratione
190 1709 290 1752 orator
306 1702 395 1752 denuo
411 1702 551 1752 constituit
564 1718 690 1762 ,eansnm,
716 1705 833 1756 dicendo
847 1704 919 1756 illud
932 1707 990 1776 jam
1005 1708 1034 1759 in
1045 1707 1118 1778 judi.

44 1772 95 1822 cion
108 1774 207 1832 venire,
227 1789 285 1822 non
303 1774 444 1824 occisusne
461 1773 497 1822 sit
512 1770 544 1822 P.
564 1769 690 1833 Clodius,
711 1776 760 1826 sed
769 1776 834 1844 jure
850 1776 1009 1846 an‘injnria.
1028 1761 1117 1846 551.
1207 1821 1210 1828 .

95 1839 263 1913 Confirmatio
283 1844 350 1895 dnus
370 1842 455 1893 habet
472 1848 585 1911 partes=
652 1905 657 1914 .

92 1913 121 1963 ln
133 1916 224 1982 priore
241 1915 310 1964 totis
327 1915 432 1966 viribus
449 1913 596 1963 insidiator
611 1912 746 1973 Clodius,
772 1911 891 1982 ideoque
903 1915 968 1984 jure
984 1916 1118 1970 interfee·

49 1986 246 2044 tmostenditur‚
267 1984 342 2036 lrisce
358 1985 484 2036 adductis
500 1985 670 2035 rationibusa
702 1994 707 2006 “

94 2054 117 2121 l)
142 2054 334 2124 [Conjectora
358 2075 375 2108 a
397 2073 445 2122 spe
464 2059 546 2122 atque
563 2053 718 2122 utilitate]
753 2053 882 2122 Magnam
902 2051 1005 2106 Clodio
1022 2074 1116 2125 spem,

46 2138 177 2194 nigrasque
198 2127 337 2178 utilitates
355 2127 386 2178 ,in
400 2125 513 2176 Milonis
532 2133 621 2181 morte
638 2125 796 2194 propositas
811 2126 905 2176 fuisse.
940 2126 982 2179 At
999 2126 1031 2177 P.
1050 2125 1117 2177 Clo-

42 2192 193 2328 {llizpor'ffim
217 2215 274 2248 non
297 2197 379 2264 modo
403 2195 472 2248 nihil
496 2197 654 2264 profuisse,
684 2197 734 2248 sed
757 2196 878 2248 obfuisse
903 2197 984 2250 etiam
1006 2197 1116 2250 Miloni.

92 2336 117 2403 l)
141 2335 243 2408 [Conj.
262 2336 296 2386 ab
315 2335 416 2408 odio]
438 2332 547 2387 'Odium
568 2337 654 2388 fuisse
676 2336 753 2388 illins
775 2337 805 2387 in
820 2335 953 2388 Milonem
971 2338 1116 2392 acerbissi-

41 2420 106 2464 unm,
123 2408 226 2460 nullum
244 2407 326 2476 lrujns
341 2408 368 2456 in
383 2407 469 2458 illum.
490 2408 530 2474 5.
548 2406 595 2458 55.

92 2477 118 2543 5)
144 2477 243 2548 [Conj.
268 2497 284 2527 a
309 2482 409 2529 nutura
433 2475 604 2546 utriusque]
642 2474 876 2544 Consuetudinem
900 2475 996 2528 Clodii
1016 2496 1115 2548 perpe·

39 2549 95 2596 tuam
108 2549 186 2600 inisse
202 2553 231 2600 in
250 2549 277 2600 vi
294 2549 449 2608 inferenda,
468 2548 580 2598 Milonis
595 2552 701 2600 tantum
713 2549 741 2598 in
757 2548 929 2617 repellenda.
948 2549 972 2616 5.
988 2549 1114 2602 56-41.

90 2634 119 2700 l)
144 2635 245 2708 [Conj.
264 2655 280 2685 a
298 2635 503 2688 circumstantia
518 2632 681 2703 temporis]
716 2633 842 2686 Instante
871 2635 1044 2686 comitiorum
1069 2637 1114 2696 die
1190 2639 1199 2648 '

37 2715 77 2753 uon
91 2707 220 2759 credibile
238 2725 314 2765 esse,
342 2704 474 2756 Milonem
496 2705 530 2754 de
555 2705 639 2756 caede
656 2703 752 2755 Clodii
770 2705 924 2772 cogitasse;
954 2712 983 2756 at
996 2707 1070 2758 idem
1084 2709 1114 2758 in

38 2769 120 2826 Clodio
139 2795 191 2828 non
206 2776 406 2836 dubitandum,
435 2777 482 2844 qni
497 2793 526 2826 se
541 2775 692 2826 interfecto
707 2775 813 2827 Milone
831 2784 1010 2844 regnaturum
1033 2783 1112 2847 puta·
1153 2807 1156 2814 ·

37 2851 76 2894 ret.
123 2849 194 2906 ,ἢ
1046 2879 1050 2886 .

89 2847 120 2983 3[
143 2918 242 2989 [Conj.
262 2937 278 2968 a
294 2936 342 2988 spe
359 2915 558 2985 impunitatis]
586 2915 768 2985 -Impnnitatis
786 2933 878 2985 spem,
904 2933 1032 2969 summam
1050 2917 1110 2969 ille·

35 2985 126 3117 pehram
148 2989 299 3058 peccandi,
334 2989 477 3039 maximam
500 2987 586 3038 fuisse
607 2988 636 3036 in
663 2986 783 3046 Clodio,
817 2986 920 3036 nullam
945 2987 974 3037 in
995 2987 1110 3039 Milone.

89 3126 116 3193 6)
142 3128 241 3199 [Canj.
258 3147 274 3178 a
290 3126 372 3178 dietis
389 3123 513 3193 Clodii]
552 3126 681 3180 Clodium
693 3132 809 3176 mortem
824 3126 997 3178 denuntiasse
1009 3127 1110 3178 Miloni

35 3194 122 3259 pelam
140 3199 206 3250 nihil
224 3217 349 3265 nmquam
367 3191 488 3248 anditum
505 3214 537 3247 ex
554 3197 668 3246 Milone.
705 3197 728 3262 5.
746 3194 798 3246 44.
868 3247 871 3264 ‚

87 3267 114 3333 7)
140 3269 237 3339 [Conj.
255 3269 290 3318 ab
306 3269 434 3336 itinere]
471 3267 659 3317 Profectionis
674 3266 787 3316 Milonis
802 3265 873 3315 diem
888 3263 990 3316 Clodio
1004 3275 1107 3326 uotum,

35 3336 131 3388 reditum
146 3341 220 3391 illins
237 3340 337 3392 Miloni
350 3341 491 3406 ignotnm3
511 3337 554 3387 illi
573 3355 607 3387 ne
626 3353 734 3386 causam
752 3334 862 3403 quidem
879 3337 1005 3394 itineris,
1026 3339 1108 3390 etiam

35 3417 122 3458 tunsam
136 3411 279 3472 manendi;
306 3411 406 3462 Miloni
421 3409 546 3459 manendi
563 3407 666 3457 nullom
683 3407 862 3466 facultatem,
889 3408 1006 3458 exeundi
1026 3409 1106 3459 etiam

34 3481 201 3532 necessitatem
217 3482 312 3531 fuisse.
328 3509 360 3519 -
406 3479 461 3532 Per
486 3479 698 3529 declinationem
723 3478 836 3531 brevem
860 3484 956 3529 orator
982 3479 1106 3530 confutat
1162 3501 1165 3504 ·

34 3559 83 3603 ΕΜ.
106 3553 148 3619 qni
165 3552 328 3603 Clodianam
344 3552 455 3602 eaedem
473 3547 588 3601 consilio
608 3566 656 3599 suo
671 3549 773 3600 factam
789 3566 848 3599 esse
863 3549 1005 3608 dicebant,¹
1022 3556 1104 3616 atque

32 3615 129 3730 ‘occupat
141 3623 178 3682 id,
198 3624 272 3690 qnod
285 3622 370 3692 objici
382 3626 510 3692 poterat,
529 3637 563 3670 ne
581 3616 711 3689 Clodium
726 3619 841 3688 quidem!
855 3619 889 3670 de
905 3619 1012 3670 insidiis
1030 3622 1104 3687 cogi-

41 3702 116 3739 mes
145 3692 291 3744 ,tt-tu.
1179 3705 1181 3709 '

86 3758 113 3824 8)
130 3694 237 3833 §[Conj.
256 3764 290 3813 ab
305 3761 511 3833 opportunitate
527 3758 614 3828 loci]
651 3758 771 3817 Locum,
798 3758 847 3809 ulri
867 3759 1014 3827 congressi
1030 3745 1102 3821 sint,

32 3823 59 3873 tl
69 3828 172 3897 insidias,
181 3836 346 3904 aptissimum
360 3833 444 3884 fuisse
458 3830 571 3889 Clodio,
590 3829 698 3880 minime
712 3838 802 3880 antem
810 3828 918 3880 Miloni.
942 3831 965 3898 5.
975 3828 1102 3883 85-84.
1198 3831 1201 3838 '

87 3915 114 3983 9)
137 3919 233 3991 [(1οιι5.
251 3921 286 3971 ab
304 3926 439 3987 apparatu
455 3915 579 3984 Clodii]
623 3912 718 3965 Clodii
743 3915 799 3966 iter
824 3914 947 3982 expediti
969 3915 1101 3977 latronis,

33 3977 123 4039 Milonis
137 4008 199 4042 vero
216 3992 450 4060 impeditissimum
466 3989 559 4038 fuisse.

85 4056 134 4109 Per
148 4061 465 4129 liguramoccupationis
482 4058 585 4109 Cicero
599 4057 705 4108 refutat
723 4055 852 4124 quasdam
869 4055 1057 4126 objectiones:
1138 4085 1142 4094 ·

115 4133 140 4191 a)
159 4149 207 4184 cur
223 4131 340 4184 Clodius
359 4133 445 4200 igitur
462 4131 552 4182 victus
566 4129 611 4181 sit.
646 4128 670 4194 5.
687 4125 736 4176 56.

114 4202 138 4262 l)
156 4221 202 4254 eur
218 4221 311 4255 servos
326 4202 514 4253 manumiserit
529 4199 608 4251 Milo.
645 4199 668 4268 5.
686 4192 810 4250 til-58.

115 4278 136 4334 e)
154 4276 225 4341 qnod
243 4273 416 4344 quaestiones
433 4272 466 4328 de
483 4271 570 4324 serris
586 4269 682 4322 Clodii
696 4265 806 4318 habitae
822 4271 940 4333 urgeant
955 4265 1095 4318 Milonem.

85 4343 320 4486 lliscdsdgjd-nzil·
332 4413 434 4466 Cicera
454 4409 505 4463 dno
524 4416 679 4482 argumenta
695 4404 969 4482 aleoneeqneatibus.
1017 4457 1021 4464 ,
