2766 5026
255 381 338 462 ssa
643 381 1047 482 osser«)¹

257 549 422 613 servasi)
453 550 588 627 Clodii,
611 573 706 636 quern
726 551 786 612 ille
808 550 849 613 ad
871 549 933 611 Cu.
947 549 1136 633 Pompeium
1158 550 1320 613 interficien-
1373 568 1375 603 ι

194 637 196 644 '
256 633 331 696 dum
361 630 550 696 collocarat.
578 643 707 698 extorta
738 643 790 696 est
828 635 997 697 confitenti
1028 634 1098 696 sica
1124 633 1166 710 de
1196 636 1320 695 naribus.
1373 633 1375 686 l

257 715 373 778 Garuit
395 716 467 779 loro
488 726 612 798 postea
633 718 829 800 Pompeium
862 717 967 778 caruit
990 726 1125 778 senatu:
1149 718 1247 778 caruit
1264 719 1322 798 pub·
1372 736 1375 770 ι

150 859 153 868 ,
256 800 340 860 lico:
370 799 467 860 ianua
489 823 526 860 sc
548 823 585 861 ae
607 802 810 883 parietibus,
840 821 906 861 non
926 801 997 861 iure
1019 799 1126 880 legum
1147 800 1322 860 iudiciorum·
1372 821 1375 835 ⁵

209 883 248 938 19
258 904 319 964 que
342 882 434 943 texit.
477 883 560 944 Num
583 906 665 967 quae
687 885 814 966 rogatio
837 883 926 944 latai
956 890 1031 944 num¹
1054 905 1135 966 quae
1154 904 1235 944 nova
1253 905 1323 966 quae·
1374 915 1375 920 κ

259 966 323 1026 stio
348 960 480 1027 decreta
504 968 580 1027 esti
610 969 735 1051 Atqui,
766 967 892 1043 sires,
916 965 1322 1046 sirir‚-sitempusullun
1372 985 1375 1017 ss

258 1049 390 1127 dignum
406 1049 469 1110 fuit
477 1093 489 1132 7
512 1058 601 1111 certe
620 1051 702 1112 baec
721 1048 828 1111 inilia
849 1071 946 1111 causa
961 1072 1079 1110 summa
1094 1050 1202 1111 omnia
1217 1051 1323 1111 luerunt.

216 1126 220 1136 ¹
257 1131 438 1193 Insidiator
462 1141 531 1194 erat
552 1134 588 1193 in
611 1134 682 1194 foro
707 1133 908 1207 collocatus,
932 1141 1028 1216 atque
1051 1133 1086 1193 iu
1101 1131 1262 1194 vestibulo
1275 1133 1323 1212 ipso
1374 1155 1375 1183 1

258 1224 412 1275 senatum
448 1216 479 1276 ei
511 1216 579 1278 viro
614 1226 720 1277 autem
751 1236 836 1277 mors
870 1211 1065 1297 parabatur.
1104 1216 1197 1277 cuins
1225 1217 1258 1274 iu
1281 1216 1323 1274 rita
1374 1234 1375 1265 ι

257 1297 424 1358 nitebatur
457 1297 545 1359 salus
575 1299 741 1362 civitatis:
773 1322 811 1360 eo
837 1320 934 1380 porro
965 1299 1166 1380 reipublicae
1189 1305 1323 1379 tempore,
1374 1316 1375 1349 1

259 1402 344 1462 quo,
367 1380 396 1440 si
416 1403 499 1441 nnus
521 1381 580 1442 ille
603 1383 799 1456 occidisset,
821 1403 886 1444 non
908 1381 990 1441 baec
1014 1382 1118 1444 solum
1138 1383 1252 1442 civitas
1261 1379 1324 1463 ,sset
1374 1400 1375 1430 ι

211 1517 213 1520 ,
259 1470 373 1542 gentes
397 1485 507 1524 omncs
531 1465 765 1528 concidissent.
794 1464 859 1525 nisi
881 1462 1014 1546 rero²)t,
1037 1465 1113 1548 quia
1133 1466 1323 1546 perfectam
1374 1481 1375 1514 ι

259 1554 406 1619 nonest,
428 1568 494 1606 non
515 1548 577 1610 fuit
598 1549 778 1629 punienda:
800 1548 937 1629 proinde
947 1548 982 1624 ²)·
995 1550 1088 1631 quasi
1109 1549 1218 1608 exitus
1238 1569 1319 1615 reru,
1374 1589 1375 1636 3

315 1701 345 1769 l)
363 1705 416 1754 nisi
433 1665 517 1756 forte.
553 1706 584 1772 2)
601 1705 726 1775 perinde.

260 1845 333 1898 Idib.
354 1846 448 1909 Quint.
467 1847 592 1898 dedicata
610 1855 667 1898 est:
685 1855 750 1898 eota
766 1857 826 1900 crat
839 1847 939 1899 Latireo
957 1848 1043 1907 lello,
1069 1835 1208 1901 Postumio
1226 1849 1327 1900 dictatore

262 1917 306 1986 [v.
324 1935 348 1969 c.
363 1917 440 1986 90];
457 1919 531 1988 filius
550 1917 606 1988 rjus
624 1916 748 1969 duumoii·
765 1920 801 1970 ad
820 1919 849 1969 iel
867 1921 951 1987 ipsum
969 1927 1073 1970 creatus
1093 1918 1239 1973 dedicavit.
1272 1937 1291 1969 ι.
1303 1915 1326 1965 il·

260 1987 340 2038 'VIII
360 1988 406 2038 ll.
425 1989 470 2038 IX
487 1987 537 2040 45⁴.
558 1989 619 2042 Cic.
639 1991 667 2040 in
686 1983 769 2043 Vere.
789 1988 873 2040 149.
892 1990 919 2039 V
938 1989 986 2040 ⁷9.
1004 2009 1032 2059 p.
1051 1990 1149 2040 Sextio
1171 1990 1227 2042 ὅθι
1246 1987 1327 2057 Captus

262 2066 322 2110 crat
346 2057 434 2126 forme
459 2077 527 2110 anno
554 2062 707 2128 superiore,
735 2059 799 2112 aede
829 2057 951 2111 Castoris
975 2068 1109 2126 tamqnam
1131 2079 1196 2110 arce
1221 2061 1327 2127 atique

259 2129 385 2200 jiepitiois
412 2127 595 2198 [Clodianis]
623 2138 759 2200 occupata.
805 2130 928 2182 Geminis
953 2132 1087 2182 iratribus
1115 2133 1216 2196 ecdem¹
1238 2133 1264 2181 in
1287 2130 1326 2178 iore

170 2194 174 2206 ’
264 2201 449 2261 constitutam,
468 2207 574 2252 tantum
589 2200 715 2253 Castoris
729 2208 852 2255 vocatam
866 2197 935 2262 esse‚'
955 2209 1051 2254 auctor
1064 2206 1105 2253 est
1118 2202 1200 2255 Suet.
1214 2201 1286 2252 Caes.
1297 2195 1328 2248 lt.

254 2271 258 2277 “
309 2271 399 2341 janua
416 2289 446 2321 se
465 2299 496 2310 ·-
516 2273 594 2322 texit.
628 2290 655 2339 p.
676 2272 772 2328 Sextio
791 2271 846 2324 552
884 2270 949 2322 Cum
973 2270 1079 2339 [linter
1096 2274 1189 2341 meus]
1209 2271 1244 2322 ad
1257 2267 1328 2338 fratris

225 2369 228 2379 ·
264 2341 376 2394 salutem
394 2359 412 2391 a
427 2341 526 2410 popule
542 2341 577 2392 R.
596 2341 788 2411 deprecandam
805 2344 928 2402 venisset,
946 2343 1038 2410 pulsus
1057 2362 1071 2393 e
1089 2345 1193 2394 rostris
1208 2345 1235 2394 in
1251 2339 1328 2392 comitio

263 2413 368 2475 iacuit,
394 2429 473 2479 seque
498 2430 634 2462 seruorum
661 2419 687 2462 et
714 2413 869 2464 libertorum
893 2416 1047 2482 corporibus
1073 2411 1193 2471 obtexit',
1224 2415 1329 2474 citamque

264 2501 340 2533 suane
358 2485 411 2532 tum
429 2484 514 2533 noctis
533 2489 559 2533 et
576 2481 657 2554 fitque
671 2485 824 2552 praesidio,
848 2501 901 2534 reon
910 2484 985 2554 juris
996 2483 1215 2554 jrtdiciorumquc
1231 2479 1329 2550 descedit.

257 2555 292 2604 'in
305 2553 370 2603 vat.
385 2551 421 2603 92
456 2550 522 2603 Cum
539 2570 592 2602 non
610 2553 748 2623 majestate
767 2557 887 2624 imperii,
914 2571 966 2608 non
977 2554 1043 2624 jure
1068 2555 1171 2624 legiae.
1199 2553 1245 2606 sed
1254 2554 1331 2624 Jaeutt
1373 2543 1375 2585 l

259 2623 398 2695 praesidio
425 2631 451 2673 ct
472 2623 615 2692 parietum
632 2625 760 2675 custodiis
785 2627 900 2676 comodis
925 2627 983 2674 vitu
1008 2632 1151 2694 tegeretur.
1177 2655 1209 2666 -
1244 2640 1267 2673 r.
1289 2622 1332 2688 pest
1372 2629 1375 2658 t

263 2695 336 2745 Red.
356 2695 391 2743 ad
407 2692 464 2761 Qu.
487 2693 514 2747 e.
550 2694 629 2744 Idem
647 2696 751 2747 laetum
769 2701 865 2746 narrat
884 2694 945 2746 Cic.
964 2695 992 2744 in
1008 2679 1065 2746 Pis.
1083 2694 1128 2745 12.
1148 2694 1176 2746 7.
1195 2694 1222 2746 δ.
1241 2691 1331 2746 delier.
1374 2702 1375 2714 ¹

263 2765 349 2834 Resp
369 2763 427 2824 25,
448 2770 476 2815 ct
494 2765 523 2814 in
540 2765 639 2832 fragm.
660 2775 700 2817 or:
720 2767 753 2816 de
772 2768 849 2820 Aere
870 2767 905 2816 al.
924 2763 985 2815 Mil.
1006 2765 1048 2817 ls-
1078 2764 1255 2818 [recludendus
1276 2755 1332 2829 [est]

127 2848 129 2854 '
190 2875 194 2880 .
263 2835 338 2892 iutra
350 2834 485 2903 parietes,
505 2864 537 2875 -
562 2836 611 2900 ‘qui
629 2836 724 2904 populi
742 2836 777 2887 n.
802 2837 938 2905 imperinm
964 2845 1026 2884 non
1042 2842 1176 2886 terrarum
1195 2832 1332 2904 regionibus.

263 2905 311 2956 sed
329 2905 397 2954 coeli
412 2907 537 2974 partibus
556 2907 719 2960 terminavit.
757 2914 785 2958 et
810 2907 844 2958 bs
878 2904 1043 2956 Maledicere
1066 2914 1172 2964 aretem,
1201 2908 1269 2956 immo
1289 2914 1332 2950 vert
1374 2912 1375 2970 ἶ

220 2987 221 2990 ’
255 2977 340 3043 Διῑιιιιιι)
363 2976 510 3043 principem
533 2977 615 3026 civem
641 2979 670 3027 oi
696 2984 721 3026 et
742 2969 973 3040 metucontinere.
991 3005 1021 3016 -
1059 2976 1160 3028 Paullo
1180 2982 1243 3047 post
1260 2973 1332 3025 Garat
1374 3004 1375 3010 ι

266 3065 299 3100 ex
313 3045 400 3096 Bar-b.
420 3047 510 3097 altero
531 3052 558 3097 et
577 3046 672 3097 Lamb.
695 3047 775 3099 1584
791 3066 878 3116 marg.
899 3047 1007 3115 recepit
1025 3065 1084 3096 nurn
1104 3065 1166 3114 qua.
1205 3047 1260 3098 Sed
1275 3044 1333 3092 l‘arr.

265 3118 352 3169 Bavv.
379 3133 439 3166 cum
466 3122 532 3168 cett.
568 3115 696 3170 exhibent
721 3136 832 3183 nauaque
859 3119 905 3170 rel
930 3136 991 3168 num
1019 3134 1102 3182 quac,·
1142 3124 1179 3174 τὸ
1205 3129 1333 3180 nunquan,
1373 3124 1375 3150 l

212 3215 216 3228 ι
266 3187 340 3254 quod
366 3187 395 3237 in
414 3185 489 3238 011.
515 3187 606 3240 tribus
629 3188 717 3255 Lag.
745 3195 850 3248 exstat,
883 3206 916 3239 ex
933 3188 1074 3238 scribendi
1092 3188 1253 3257 compendio
1267 3189 1333 3234 ortae
1374 3201 1375 3250 j

264 3257 352 3309 traxit
361 3282 376 3316 ,·
389 3273 444 3307 nou
462 3258 549 3322 magis
569 3276 648 3325 quam
667 3266 702 3314 τὸ
722 3259 895 3324 nurnquidvin
913 3258 981 3324 Lag.
999 3257 1050 3312 45.
1374 3251 1375 3268 ’

318 3326 462 3378 nitebatur.
499 3327 593 3378 Somn.
619 3329 733 3396 seipse
759 3329 852 3396 [laud.
875 3327 983 3396 Gar.]=
1007 3326 1210 3386 ¹1nteuuum,
1235 3317 1333 3390 ιιίιιιιτῖΙ
1374 3365 1375 3390 3

265 3407 339 3450 tuum
356 3415 448 3447 nomen
465 3411 500 3447 se·
512 3404 570 3459 tcta
589 3400 719 3449 convertit
737 3401 848 3458 civitas,
868 3427 900 3437 -
918 3406 950 3447 tu
967 3399 1019 3447 cris
1037 3415 1122 3454 ιιιιιιι,
1141 3399 1171 3448 in
1189 3413 1238 3465 qus
1255 3393 1332 3444 „stata

267 3470 388 3522 ciuitatis
407 3468 491 3518 salus.
526 3486 552 3519 r.
570 3487 598 3536 p.
617 3469 704 3518 Marc.
725 3467 752 3519 ’1.

320 3539 467 3590 occidisset.
494 3538 557 3588 Eri.
578 3533 706 3592 etsTaur.
725 3538 744 3589 b
764 3536 909 3596 decidisset,
931 3537 1012 3606 prob.
1029 3535 1193 3598 (saracenis,
1214 3535 1332 3603 quiscur

265 3613 294 3661 in
310 3611 367 3660 Pis.
388 3609 426 3660 12
444 3611 477 3660 de
493 3607 614 3660 Gabinio
637 3615 665 3659 et
680 3607 782 3660 Clodio
803 3610 877 3660 inter
901 3627 929 3660 se
953 3607 1154 3677 pugnantibus:
1194 3607 1254 3657 Uter
1268 3612 1331 3650 eamn

261 3672 378 3751 perisset
405 3687 539 3746 tamquam
566 3679 700 3738 lanista,·
724 3681 753 3730 in
779 3677 907 3749 ejusmodi
929 3680 993 3746 pari
1020 3678 1121 3728 lucrum
1144 3677 1205 3748 fleri
1228 3671 1331 3744 putabat:

254 3749 439 3801 ‘irnmortalem
457 3768 519 3801 vero
539 3757 692 3817 quaestum,
710 3751 734 3799 si
753 3758 862 3816 uterque
880 3750 1026 3800 cecidisset.
1042 3772 1071 3784 -
1092 3748 1152 3798 Sed
1171 3763 1257 3798 omnes
1272 3741 1331 3817 Pup

266 3823 354 3873 Bavr.
373 3820 462 3890 Lagg.
481 3821 623 3888 vulgatum
643 3819 782 3870 occidisset
799 3826 929 3879 tuentur,
958 3837 1010 3887 quo
1028 3818 1115 3870 verbo
1134 3817 1280 3887 saepissime
1295 3813 1330 3858 ull·
1369 3823 1371 3831 ⁴

266 3898 312 3942 tur
330 3891 442 3942 Cicero.
480 3892 513 3943 de
531 3891 566 3942 N.
577 3893 612 3941 Ι).
622 3889 709 3950 1116,
732 3889 785 3942 {52
803 3893 857 3941 nisi
875 3892 932 3956 viri!
946 3890 1015 3939 tales
1034 3887 1200 3940 occidissent.
1223 3906 1247 3957 p.
1263 3877 1330 3962 13}le
1368 3866 1372 3921 l

269 3961 323 4012 ls=
359 3959 424 4012 Cmu
445 3962 496 4013 duo
513 3962 629 4031 fulmina
647 3963 736 4021 nostri
758 3963 878 4030 imperii,
908 3959 955 4010 Cn.
983 3967 1009 4008 ct
1027 3959 1059 4010 P.
1079 3958 1217 4026 Scipiones
1233 3951 1330 4007 essesut

269 4031 434 4093 occidissent:
470 4051 495 4084 v.
515 4032 648 4088 Fanlv
662 4031 688 4083 l.
708 4029 735 4081 ὅ.
752 4062 784 4073 -
804 4032 887 4082 Tuse.
906 4030 958 4081 111
973 4028 1008 4079 ds
1028 4029 1174 4080 concidisse
1192 4044 1261 4094 remp.
1291 4015 1329 4068 9⁷²

212 4131 216 4139 ·
269 4104 315 4168 qui
334 4103 509 4153 concidentem
532 4104 686 4156 vulneribus
708 4095 755 4152 Cn.
776 4102 926 4171 Pompeium
949 4099 1087 4152 vidissent.
1123 4119 1150 4168 p,
1170 4084 1330 4150 Placenti:

267 4173 328 4242 Epo
346 4190 409 4223 aero
428 4175 452 4222 si
474 4182 527 4223 tum
550 4175 687 4243 impiorum
705 4171 777 4240 {erro
797 4191 828 4223 ac
848 4189 928 4222 manu
945 4171 1134 4229 caecidissem,
1165 4172 1192 4220 ia
1206 4167 1329 4239 perpelli*

160 4293 163 4300 ,
267 4261 336 4313 resp.
357 4244 437 4310 civile
452 4244 618 4310 praesidium
636 4244 733 4293 salutis
752 4262 817 4294 suae
832 4242 1003 4312 perdidisset.

305 4317 410 4365 'exitus
428 4331 523 4366 rerum.
559 4317 595 4365 lr.
617 4314 656 4366 ld
678 4315 714 4380 D.
731 4313 790 4373 dd,
809 4313 843 4365 8:
871 4313 957 4380 Divus
971 4310 1135 4363 >Hadrianus
1153 4305 1291 4378 rescripsi&
1304 4292 1329 4344 1⁸

267 4385 406 4458 maleficiis
430 4385 555 4437 voluntas
580 4392 732 4455 spectatur,
762 4403 816 4438 nen
839 4386 936 4436 exitus.
981 4399 1009 4435 r.
1036 4379 1168 4434 Gotbolr.
1187 4381 1221 4433 ad
1240 4394 1260 4428 e.
1275 4371 1290 4424 l·
1308 4371 1328 4416 ⁰²
