<?xml version="1.0" encoding="UTF-8"?>
<!DOCTYPE html PUBLIC "-//W3C//DTD XHTML 1.0 Transitional//EN"
    "http://www.w3.org/TR/xhtml1/DTD/xhtml1-transitional.dtd">
<html xmlns="http://www.w3.org/1999/xhtml" xml:lang="en" lang="en">
 <head>
  <title>
</title>
<meta http-equiv="Content-Type" content="text/html;charset=utf-8" />
  <meta name='ocr-system' content='tesseract 3.04.00' />
  <meta name='ocr-capabilities' content='ocr_page ocr_carea ocr_par ocr_line ocrx_word'/>
</head>
<body>
  <div class='ocr_page' id='page_1' title='image "./mtulliiciceroni67cicegoog/mtulliiciceroni67cicegoog_0009.png"; bbox 0 0 2854 5024; ppageno 0'>
   <div class='ocr_carea' id='block_1_1' title="bbox 223 379 935 468">
    <p class='ocr_par' dir='ltr' id='par_1_1' title="bbox 223 379 935 468">
     <span class='ocr_line' id='line_1_1' title="bbox 223 379 935 468; baseline -0.004 -28"><span class='ocrx_word' id='word_1_1' title='bbox 223 388 267 440; x_wconf 76' lang='grc' dir='ltr'><strong>Π</strong></span> <span class='ocrx_word' id='word_1_2' title='bbox 547 379 935 468; x_wconf 55' lang='lat' dir='ltr'>utimum.</span> 
     </span>
    </p>
   </div>
   <div class='ocr_carea' id='block_1_2' title="bbox 220 541 1367 1823">
    <p class='ocr_par' dir='ltr' id='par_1_2' title="bbox 220 541 1367 1823">
     <span class='ocr_line' id='line_1_2' title="bbox 316 541 1305 632; baseline 0.002 -16"><span class='ocrx_word' id='word_1_3' title='bbox 316 552 366 616; x_wconf 78' lang='lat' dir='ltr'>lix</span> <span class='ocrx_word' id='word_1_4' title='bbox 404 550 455 613; x_wconf 83' lang='lat' dir='ltr'>his</span> <span class='ocrx_word' id='word_1_5' title='bbox 493 549 615 632; x_wconf 70' lang='lat' dir='ltr'>igitur,</span> <span class='ocrx_word' id='word_1_6' title='bbox 653 541 750 632; x_wconf 80' lang='lat' dir='ltr'>at&#39;que</span> <span class='ocrx_word' id='word_1_7' title='bbox 782 569 823 611; x_wconf 91' lang='lat' dir='ltr'>ex</span> <span class='ocrx_word' id='word_1_8' title='bbox 856 549 1042 630; x_wconf 69' lang='lat' dir='ltr'><strong>fragmentis</strong></span> <span class='ocrx_word' id='word_1_9' title='bbox 1079 547 1305 618; x_wconf 78' lang='lat' dir='ltr'>nonnullarum</span> 
     </span>
     <span class='ocr_line' id='line_1_3' title="bbox 222 647 1304 733; baseline -0.002 -18"><span class='ocrx_word' id='word_1_10' title='bbox 222 653 424 726; x_wconf 84' lang='lat' dir='ltr'>orationum,</span> <span class='ocrx_word' id='word_1_11' title='bbox 455 670 536 732; x_wconf 84' lang='lat' dir='ltr'>quae</span> <span class='ocrx_word' id='word_1_12' title='bbox 558 671 630 712; x_wconf 88' lang='lat' dir='ltr'>eum</span> <span class='ocrx_word' id='word_1_13' title='bbox 649 649 782 731; x_wconf 78' lang='lat' dir='ltr'>antiquo</span> <span class='ocrx_word' id='word_1_14' title='bbox 808 649 988 731; x_wconf 76' lang='lat' dir='ltr'>interprete</span> <span class='ocrx_word' id='word_1_15' title='bbox 1009 647 1146 733; x_wconf 82' lang='lat' dir='ltr'>aliisque</span> <span class='ocrx_word' id='word_1_16' title='bbox 1168 651 1304 714; x_wconf 82' lang='lat' dir='ltr'>schehin</span> 
     </span>
     <span class='ocr_line' id='line_1_4' title="bbox 222 745 1303 833; baseline -0.002 -19"><span class='ocrx_word' id='word_1_17' title='bbox 222 753 385 815; x_wconf 74' lang='lat' dir='ltr'>veteribus</span> <span class='ocrx_word' id='word_1_18' title='bbox 410 752 545 833; x_wconf 89' lang='lat' dir='ltr'>primum</span> <span class='ocrx_word' id='word_1_19' title='bbox 574 745 750 832; x_wconf 24' lang='lat' dir='ltr'>&#39;ediderunt‘</span> <span class='ocrx_word' id='word_1_20' title='bbox 775 746 920 830; x_wconf 75' lang='lat' dir='ltr'>Angelus</span> <span class='ocrx_word' id='word_1_21' title='bbox 946 747 1054 810; x_wconf 71' lang='lat' dir='ltr'>Maius</span> <span class='ocrx_word' id='word_1_22' title='bbox 1086 759 1121 811; x_wconf 84' lang='lat' dir='ltr'>et</span> <span class='ocrx_word' id='word_1_23' title='bbox 1141 750 1303 813; x_wconf 79' lang='lat' dir='ltr'>Amedeua</span> 
     </span>
     <span class='ocr_line' id='line_1_5' title="bbox 222 846 1305 936; baseline -0.002 -22"><span class='ocrx_word' id='word_1_24' title='bbox 222 854 363 936; x_wconf 74' lang='lat' dir='ltr'>Peyron,</span> <span class='ocrx_word' id='word_1_25' title='bbox 385 849 501 924; x_wconf 78' lang='grc' dir='ltr'>οιιιιιίι,</span> <span class='ocrx_word' id='word_1_26' title='bbox 523 865 734 930; x_wconf 85' lang='lat' dir='ltr'>quaeeunque</span> <span class='ocrx_word' id='word_1_27' title='bbox 756 846 963 910; x_wconf 69' lang='lat' dir='ltr'>emendandis</span> <span class='ocrx_word' id='word_1_28' title='bbox 980 846 1180 911; x_wconf 89' lang='lat' dir='ltr'>orationibus</span> <span class='ocrx_word' id='word_1_29' title='bbox 1200 850 1305 912; x_wconf 84' lang='lat' dir='ltr'>inser-</span> 
     </span>
     <span class='ocr_line' id='line_1_6' title="bbox 220 945 1302 1035; baseline -0.003 -22"><span class='ocrx_word' id='word_1_30' title='bbox 220 954 288 1014; x_wconf 81' lang='lat' dir='ltr'>vire</span> <span class='ocrx_word' id='word_1_31' title='bbox 310 956 468 1035; x_wconf 87' lang='lat' dir='ltr'>possent,</span> <span class='ocrx_word' id='word_1_32' title='bbox 500 946 615 1008; x_wconf 89' lang='lat' dir='ltr'>sedulo</span> <span class='ocrx_word' id='word_1_33' title='bbox 645 945 783 1008; x_wconf 78' lang='lat' dir='ltr'>enotavi.</span> <span class='ocrx_word' id='word_1_34' title='bbox 836 946 927 1023; x_wconf 78' lang='lat' dir='ltr'>Quae</span> <span class='ocrx_word' id='word_1_35' title='bbox 958 949 1070 1030; x_wconf 85' lang='lat' dir='ltr'>copiae</span> <span class='ocrx_word' id='word_1_36' title='bbox 1095 969 1167 1012; x_wconf 87' lang='lat' dir='ltr'>eum</span> <span class='ocrx_word' id='word_1_37' title='bbox 1187 958 1302 1011; x_wconf 87' lang='lat' dir='ltr'>auctae</span> 
     </span>
     <span class='ocr_line' id='line_1_7' title="bbox 222 1045 1305 1132; baseline 0 -20"><span class='ocrx_word' id='word_1_38' title='bbox 222 1058 332 1114; x_wconf 90' lang='lat' dir='ltr'>esseut</span> <span class='ocrx_word' id='word_1_39' title='bbox 361 1049 457 1112; x_wconf 81' lang='lat' dir='ltr'>variis</span> <span class='ocrx_word' id='word_1_40' title='bbox 488 1047 635 1108; x_wconf 88' lang='lat' dir='ltr'>ecdicum</span> <span class='ocrx_word' id='word_1_41' title='bbox 656 1045 888 1108; x_wconf 81' lang='lat' dir='ltr'>Oxoniensium</span> <span class='ocrx_word' id='word_1_42' title='bbox 914 1045 1130 1124; x_wconf 86' lang='lat' dir='ltr'>lectionibus,</span> <span class='ocrx_word' id='word_1_43' title='bbox 1163 1071 1242 1132; x_wconf 86' lang='lat' dir='ltr'>quaa</span> <span class='ocrx_word' id='word_1_44' title='bbox 1264 1071 1305 1112; x_wconf 87' lang='lat' dir='ltr'>ex</span> 
     </span>
     <span class='ocr_line' id='line_1_8' title="bbox 222 1144 1305 1222; baseline 0.001 -10"><span class='ocrx_word' id='word_1_45' title='bbox 222 1152 274 1212; x_wconf 87' lang='lat' dir='ltr'>ed.</span> <span class='ocrx_word' id='word_1_46' title='bbox 295 1147 475 1216; x_wconf 72' lang='lat' dir='ltr'>oxoniensi</span> <span class='ocrx_word' id='word_1_47' title='bbox 495 1147 570 1208; x_wconf 86' lang='lat' dir='ltr'>anni</span> <span class='ocrx_word' id='word_1_48' title='bbox 585 1144 912 1222; x_wconf 70' lang='lat' dir='ltr'>Mmchxxxlll,</span> <span class='ocrx_word' id='word_1_49' title='bbox 933 1146 1069 1210; x_wconf 84' lang='lat' dir='ltr'>editioni</span> <span class='ocrx_word' id='word_1_50' title='bbox 1086 1148 1305 1220; x_wconf 74' lang='lat' dir='ltr'>Ernestianae</span> 
     </span>
     <span class='ocr_line' id='line_1_9' title="bbox 221 1243 1307 1330; baseline -0.001 -18"><span class='ocrx_word' id='word_1_51' title='bbox 221 1249 338 1314; x_wconf 87' lang='lat' dir='ltr'>minori</span> <span class='ocrx_word' id='word_1_52' title='bbox 358 1244 575 1329; x_wconf 82' lang='lat' dir='ltr'>supplementi</span> <span class='ocrx_word' id='word_1_53' title='bbox 594 1243 668 1306; x_wconf 90' lang='lat' dir='ltr'>loeo</span> <span class='ocrx_word' id='word_1_54' title='bbox 690 1243 879 1326; x_wconf 82' lang='lat' dir='ltr'>adjecerant</span> <span class='ocrx_word' id='word_1_55' title='bbox 900 1245 1081 1308; x_wconf 76' lang='lat' dir='ltr'>Helenaesr</span> <span class='ocrx_word' id='word_1_56' title='bbox 1112 1255 1149 1309; x_wconf 90' lang='lat' dir='ltr'>ut</span> <span class='ocrx_word' id='word_1_57' title='bbox 1168 1248 1307 1330; x_wconf 87' lang='lat' dir='ltr'>primurn</span> 
     </span>
     <span class='ocr_line' id='line_1_10' title="bbox 221 1344 1304 1428; baseline 0.003 -19"><span class='ocrx_word' id='word_1_58' title='bbox 221 1345 512 1422; x_wconf 81' lang='lat' dir='ltr'>licuit,·hutetiam</span> <span class='ocrx_word' id='word_1_59' title='bbox 527 1344 722 1406; x_wconf 77' lang='lat' dir='ltr'>Parisiorum</span> <span class='ocrx_word' id='word_1_60' title='bbox 741 1345 906 1426; x_wconf 80' lang='lat' dir='ltr'>proiectus</span> <span class='ocrx_word' id='word_1_61' title='bbox 925 1366 1006 1420; x_wconf 88' lang='lat' dir='ltr'>sum,</span> <span class='ocrx_word' id='word_1_62' title='bbox 1027 1353 1064 1408; x_wconf 89' lang='lat' dir='ltr'>ut</span> <span class='ocrx_word' id='word_1_63' title='bbox 1080 1346 1152 1428; x_wconf 87' lang='lat' dir='ltr'>ipse</span> <span class='ocrx_word' id='word_1_64' title='bbox 1172 1348 1304 1412; x_wconf 85' lang='lat' dir='ltr'>codices</span> 
     </span>
     <span class='ocr_line' id='line_1_11' title="bbox 222 1442 1306 1550; baseline -0.003 -40"><span class='ocrx_word' id='word_1_65' title='bbox 222 1447 344 1528; x_wconf 68' lang='lat' dir='ltr'>Regios</span> <span class='ocrx_word' id='word_1_66' title='bbox 355 1451 547 1506; x_wconf 73' lang='lat' dir='ltr'>excuterem.</span> <span class='ocrx_word' id='word_1_67' title='bbox 569 1442 621 1502; x_wconf 92' lang='lat' dir='ltr'>Ibi</span> <span class='ocrx_word' id='word_1_68' title='bbox 631 1442 765 1523; x_wconf 85' lang='lat' dir='ltr'>primum</span> <span class='ocrx_word' id='word_1_69' title='bbox 776 1442 914 1550; x_wconf 65' lang='lat' dir='ltr'>spuinque</span> <span class='ocrx_word' id='word_1_70' title='bbox 928 1443 1059 1503; x_wconf 89' lang='lat' dir='ltr'>codices</span> <span class='ocrx_word' id='word_1_71' title='bbox 1068 1443 1159 1516; x_wconf 78' lang='lat' dir='ltr'>Meos</span> <span class='ocrx_word' id='word_1_72' title='bbox 1172 1445 1306 1522; x_wconf 84' lang='lat' dir='ltr'>adhibui</span> 
     </span>
     <span class='ocr_line' id='line_1_12' title="bbox 224 1539 1305 1632; baseline 0 -25"><span class='ocrx_word' id='word_1_73' title='bbox 224 1547 280 1632; x_wconf 91' lang='lat' dir='ltr'>[ad</span> <span class='ocrx_word' id='word_1_74' title='bbox 290 1547 308 1608; x_wconf 94' lang='lat'><em>1</em></span> <span class='ocrx_word' id='word_1_75' title='bbox 319 1544 416 1608; x_wconf 80' lang='lat' dir='ltr'>Catil.</span> <span class='ocrx_word' id='word_1_76' title='bbox 430 1565 499 1624; x_wconf 89' lang='lat' dir='ltr'>cap.</span> <span class='ocrx_word' id='word_1_77' title='bbox 515 1539 634 1622; x_wconf 74' lang='lat'><strong>1-5];</strong></span> <span class='ocrx_word' id='word_1_78' title='bbox 651 1547 684 1602; x_wconf 87' lang='lat' dir='ltr'>at</span> <span class='ocrx_word' id='word_1_79' title='bbox 696 1562 791 1622; x_wconf 82' lang='lat' dir='ltr'>quum</span> <span class='ocrx_word' id='word_1_80' title='bbox 801 1540 922 1621; x_wconf 72' lang='lat' dir='ltr'>insigni</span> <span class='ocrx_word' id='word_1_81' title='bbox 934 1539 1130 1606; x_wconf 74' lang='lat' dir='ltr'>liberalitate</span> <span class='ocrx_word' id='word_1_82' title='bbox 1142 1543 1305 1607; x_wconf 84' lang='lat' dir='ltr'>humanis-</span> 
     </span>
     <span class='ocr_line' id='line_1_13' title="bbox 224 1639 1367 1730; baseline -0.002 -22"><span class='ocrx_word' id='word_1_83' title='bbox 224 1648 374 1709; x_wconf 83' lang='lat' dir='ltr'>simorum</span> <span class='ocrx_word' id='word_1_84' title='bbox 391 1644 553 1719; x_wconf 83' lang='lat' dir='ltr'>virorum,</span> <span class='ocrx_word' id='word_1_85' title='bbox 581 1641 636 1724; x_wconf 82' lang='lat' dir='ltr'>qui</span> <span class='ocrx_word' id='word_1_86' title='bbox 655 1647 723 1702; x_wconf 86' lang='lat' dir='ltr'>tum</span> <span class='ocrx_word' id='word_1_87' title='bbox 737 1639 956 1702; x_wconf 78' lang='lat' dir='ltr'>bibliothecae</span> <span class='ocrx_word' id='word_1_88' title='bbox 972 1640 1094 1722; x_wconf 70' lang='lat' dir='ltr'>Regiae</span> <span class='ocrx_word' id='word_1_89' title='bbox 1112 1653 1303 1725; x_wconf 85' lang='lat' dir='ltr'>praeerant,</span> <span class='ocrx_word' id='word_1_90' title='bbox 1361 1719 1367 1730; x_wconf 41' lang='grc' dir='ltr'><strong><em>Ι</em></strong></span> 
     </span>
     <span class='ocr_line' id='line_1_14' title="bbox 221 1738 1301 1823; baseline 0.015 -32"><span class='ocrx_word' id='word_1_91' title='bbox 221 1744 444 1816; x_wconf 61' lang='grc' dir='ltr'>γ,ῃ.Ρηει,</span> <span class='ocrx_word' id='word_1_92' title='bbox 471 1741 507 1802; x_wconf 83' lang='lat' dir='ltr'>J.</span> <span class='ocrx_word' id='word_1_93' title='bbox 532 1741 570 1806; x_wconf 82' lang='lat' dir='ltr'>B.</span> <span class='ocrx_word' id='word_1_94' title='bbox 600 1738 677 1800; x_wconf 85' lang='lat' dir='ltr'>Gail</span> <span class='ocrx_word' id='word_1_95' title='bbox 703 1747 740 1818; x_wconf 60' lang='lat' dir='ltr'>‚et</span> <span class='ocrx_word' id='word_1_96' title='bbox 767 1739 912 1823; x_wconf 77' lang='lat' dir='ltr'>inprimis</span> <span class='ocrx_word' id='word_1_97' title='bbox 937 1740 975 1802; x_wconf 87' lang='lat' dir='ltr'>G.</span> <span class='ocrx_word' id='word_1_98' title='bbox 994 1739 1168 1805; x_wconf 78' lang='lat' dir='ltr'>Benedicti</span> <span class='ocrx_word' id='word_1_99' title='bbox 1191 1743 1301 1817; x_wconf 74' lang='lat' dir='ltr'>nass,</span> 
     </span>
    </p>
   </div>
   <div class='ocr_carea' id='block_1_3' title="bbox 221 1839 1425 1924">
    <p class='ocr_par' dir='ltr' id='par_1_3' title="bbox 221 1839 1425 1924">
     <span class='ocr_line' id='line_1_15' title="bbox 221 1839 1425 1924; baseline -0.004 -16"><span class='ocrx_word' id='word_1_100' title='bbox 221 1865 344 1917; x_wconf 84' lang='lat' dir='ltr'>omnes,</span> <span class='ocrx_word' id='word_1_101' title='bbox 357 1861 436 1924; x_wconf 80' lang='lat' dir='ltr'>quos</span> <span class='ocrx_word' id='word_1_102' title='bbox 450 1839 626 1919; x_wconf 70' lang='lat' dir='ltr'>Gatalogus</span> <span class='ocrx_word' id='word_1_103' title='bbox 637 1839 811 1920; x_wconf 79' lang='lat' dir='ltr'>impressus</span> <span class='ocrx_word' id='word_1_104' title='bbox 826 1839 1007 1921; x_wconf 81' lang='lat' dir='ltr'>descriptos</span> <span class='ocrx_word' id='word_1_105' title='bbox 1016 1839 1160 1917; x_wconf 83' lang='lat' dir='ltr'>exhibet,</span> <span class='ocrx_word' id='word_1_106' title='bbox 1170 1841 1298 1905; x_wconf 89' lang='lat' dir='ltr'>codices</span> <span class='ocrx_word' id='word_1_107' title='bbox 1424 1887 1425 1890; x_wconf 63' lang='lat'>,</span> 
     </span>
    </p>
   </div>
   <div class='ocr_carea' id='block_1_4' title="bbox 218 1938 1354 3513">
    <p class='ocr_par' dir='ltr' id='par_1_4' title="bbox 218 1938 1306 2915">
     <span class='ocr_line' id='line_1_16' title="bbox 221 1938 1300 2026; baseline -0.006 -16"><span class='ocrx_word' id='word_1_108' title='bbox 221 1943 418 2026; x_wconf 84' lang='lat' dir='ltr'>inspiciendi</span> <span class='ocrx_word' id='word_1_109' title='bbox 437 1946 584 2023; x_wconf 82' lang='lat' dir='ltr'>potestas</span> <span class='ocrx_word' id='word_1_110' title='bbox 606 1945 695 2000; x_wconf 87' lang='lat' dir='ltr'>esset</span> <span class='ocrx_word' id='word_1_111' title='bbox 715 1938 822 2014; x_wconf 79' lang='lat' dir='ltr'>saeta,</span> <span class='ocrx_word' id='word_1_112' title='bbox 843 1960 913 2000; x_wconf 84' lang='lat' dir='ltr'>eam</span> <span class='ocrx_word' id='word_1_113' title='bbox 932 1939 1088 2000; x_wconf 84' lang='lat' dir='ltr'>rationem</span> <span class='ocrx_word' id='word_1_114' title='bbox 1108 1942 1189 2018; x_wconf 86' lang='lat' dir='ltr'>inii,</span> <span class='ocrx_word' id='word_1_115' title='bbox 1210 1942 1300 2004; x_wconf 88' lang='lat' dir='ltr'>utin</span> 
     </span>
     <span class='ocr_line' id='line_1_17' title="bbox 221 2036 1303 2126; baseline -0.002 -21"><span class='ocrx_word' id='word_1_116' title='bbox 221 2042 332 2126; x_wconf 68' lang='lat' dir='ltr'>quavis</span> <span class='ocrx_word' id='word_1_117' title='bbox 359 2041 503 2104; x_wconf 84' lang='lat' dir='ltr'>aratione</span> <span class='ocrx_word' id='word_1_118' title='bbox 530 2058 642 2100; x_wconf 89' lang='lat' dir='ltr'>omnes</span> <span class='ocrx_word' id='word_1_119' title='bbox 667 2037 757 2112; x_wconf 81' lang='lat' dir='ltr'>sere,</span> <span class='ocrx_word' id='word_1_120' title='bbox 790 2044 949 2120; x_wconf 83' lang='lat' dir='ltr'>quotquot</span> <span class='ocrx_word' id='word_1_121' title='bbox 976 2036 1065 2098; x_wconf 90' lang='lat' dir='ltr'>illam</span> <span class='ocrx_word' id='word_1_122' title='bbox 1096 2039 1303 2119; x_wconf 71' lang='lat' dir='ltr'>exhiberent,</span> 
     </span>
     <span class='ocr_line' id='line_1_18' title="bbox 220 2135 1303 2226; baseline 0.001 -23"><span class='ocrx_word' id='word_1_123' title='bbox 220 2141 321 2210; x_wconf 88' lang='lat' dir='ltr'>libros</span> <span class='ocrx_word' id='word_1_124' title='bbox 342 2162 402 2223; x_wconf 84' lang='lat' dir='ltr'>per</span> <span class='ocrx_word' id='word_1_125' title='bbox 421 2141 485 2200; x_wconf 86' lang='lat' dir='ltr'>tria</span> <span class='ocrx_word' id='word_1_126' title='bbox 505 2137 560 2201; x_wconf 81' lang='lat' dir='ltr'>vel</span> <span class='ocrx_word' id='word_1_127' title='bbox 580 2143 717 2220; x_wconf 85' lang='lat' dir='ltr'>quatuor</span> <span class='ocrx_word' id='word_1_128' title='bbox 738 2137 845 2218; x_wconf 85' lang='lat' dir='ltr'>capita</span> <span class='ocrx_word' id='word_1_129' title='bbox 864 2135 1081 2218; x_wconf 74' lang='lat' dir='ltr'>perlegerem:</span> <span class='ocrx_word' id='word_1_130' title='bbox 1109 2141 1146 2202; x_wconf 89' lang='lat' dir='ltr'>in</span> <span class='ocrx_word' id='word_1_131' title='bbox 1166 2141 1303 2226; x_wconf 83' lang='lat' dir='ltr'>reliquis</span> 
     </span>
     <span class='ocr_line' id='line_1_19' title="bbox 221 2235 1305 2324; baseline 0 -20"><span class='ocrx_word' id='word_1_132' title='bbox 221 2249 328 2304; x_wconf 87' lang='lat' dir='ltr'>autem</span> <span class='ocrx_word' id='word_1_133' title='bbox 348 2239 498 2300; x_wconf 90' lang='lat' dir='ltr'>meliores</span> <span class='ocrx_word' id='word_1_134' title='bbox 519 2235 709 2316; x_wconf 71' lang='lat' dir='ltr'>seligerem3</span> <span class='ocrx_word' id='word_1_135' title='bbox 738 2255 843 2318; x_wconf 84' lang='lat' dir='ltr'>neque</span> <span class='ocrx_word' id='word_1_136' title='bbox 864 2235 971 2297; x_wconf 85' lang='lat' dir='ltr'>tamen</span> <span class='ocrx_word' id='word_1_137' title='bbox 991 2236 1055 2314; x_wconf 88' lang='lat' dir='ltr'>ita,</span> <span class='ocrx_word' id='word_1_138' title='bbox 1087 2247 1123 2300; x_wconf 88' lang='lat' dir='ltr'>ut</span> <span class='ocrx_word' id='word_1_139' title='bbox 1142 2239 1215 2314; x_wconf 86' lang='lat' dir='ltr'>illi,</span> <span class='ocrx_word' id='word_1_140' title='bbox 1246 2244 1305 2324; x_wconf 80' lang='lat' dir='ltr'>qui</span> 
     </span>
     <span class='ocr_line' id='line_1_20' title="bbox 220 2335 1304 2420; baseline -0.003 -17"><span class='ocrx_word' id='word_1_141' title='bbox 220 2340 376 2403; x_wconf 88' lang='lat' dir='ltr'>recensiti</span> <span class='ocrx_word' id='word_1_142' title='bbox 387 2340 461 2419; x_wconf 88' lang='lat' dir='ltr'>jure</span> <span class='ocrx_word' id='word_1_143' title='bbox 480 2337 643 2409; x_wconf 66' lang='lat' dir='ltr'>dicamur,</span> <span class='ocrx_word' id='word_1_144' title='bbox 665 2355 861 2418; x_wconf 74' lang='lat' dir='ltr'>quorumque</span> <span class='ocrx_word' id='word_1_145' title='bbox 877 2356 952 2417; x_wconf 85' lang='lat' dir='ltr'>para</span> <span class='ocrx_word' id='word_1_146' title='bbox 968 2335 1065 2420; x_wconf 72' lang='lat' dir='ltr'>louge</span> <span class='ocrx_word' id='word_1_147' title='bbox 1091 2340 1225 2401; x_wconf 86' lang='lat' dir='ltr'>maxima</span> <span class='ocrx_word' id='word_1_148' title='bbox 1240 2349 1304 2415; x_wconf 88' lang='lat' dir='ltr'>est,</span> 
     </span>
     <span class='ocr_line' id='line_1_21' title="bbox 220 2435 1304 2524; baseline -0.001 -22"><span class='ocrx_word' id='word_1_149' title='bbox 220 2440 351 2524; x_wconf 89' lang='lat' dir='ltr'>penitus</span> <span class='ocrx_word' id='word_1_150' title='bbox 373 2435 631 2506; x_wconf 71' lang='lat' dir='ltr'>excluderentur.</span> <span class='ocrx_word' id='word_1_151' title='bbox 673 2435 731 2496; x_wconf 89' lang='lat' dir='ltr'>Sic</span> <span class='ocrx_word' id='word_1_152' title='bbox 752 2435 835 2497; x_wconf 88' lang='lat' dir='ltr'>enim</span> <span class='ocrx_word' id='word_1_153' title='bbox 856 2435 925 2496; x_wconf 82' lang='lat' dir='ltr'>iore</span> <span class='ocrx_word' id='word_1_154' title='bbox 946 2438 1107 2519; x_wconf 84' lang='lat' dir='ltr'>putabam,</span> <span class='ocrx_word' id='word_1_155' title='bbox 1129 2447 1165 2500; x_wconf 88' lang='lat' dir='ltr'>nt</span> <span class='ocrx_word' id='word_1_156' title='bbox 1185 2438 1304 2508; x_wconf 79' lang='lat' dir='ltr'>lectori</span> 
     </span>
     <span class='ocr_line' id='line_1_22' title="bbox 224 2533 1306 2620; baseline 0 -20"><span class='ocrx_word' id='word_1_157' title='bbox 224 2539 350 2601; x_wconf 88' lang='lat' dir='ltr'>erudito</span> <span class='ocrx_word' id='word_1_158' title='bbox 384 2539 430 2602; x_wconf 86' lang='lat' dir='ltr'>de</span> <span class='ocrx_word' id='word_1_159' title='bbox 470 2534 665 2597; x_wconf 87' lang='lat' dir='ltr'>auctoritate</span> <span class='ocrx_word' id='word_1_160' title='bbox 705 2533 904 2617; x_wconf 75' lang='lat' dir='ltr'>singulorum</span> <span class='ocrx_word' id='word_1_161' title='bbox 946 2535 1093 2599; x_wconf 87' lang='lat' dir='ltr'>codicum</span> <span class='ocrx_word' id='word_1_162' title='bbox 1143 2539 1306 2620; x_wconf 73' lang='lat' dir='ltr'>integrum</span> 
     </span>
     <span class='ocr_line' id='line_1_23' title="bbox 218 2635 1304 2723; baseline -0.004 -19"><span class='ocrx_word' id='word_1_163' title='bbox 218 2639 377 2722; x_wconf 86' lang='lat' dir='ltr'>judicium</span> <span class='ocrx_word' id='word_1_164' title='bbox 407 2642 513 2708; x_wconf 88' lang='lat' dir='ltr'>esset,</span> <span class='ocrx_word' id='word_1_165' title='bbox 545 2635 737 2718; x_wconf 83' lang='lat' dir='ltr'>planiusque</span> <span class='ocrx_word' id='word_1_166' title='bbox 757 2635 1016 2716; x_wconf 78' lang='lat' dir='ltr'>perspiceretur,</span> <span class='ocrx_word' id='word_1_167' title='bbox 1046 2637 1150 2713; x_wconf 87' lang='lat' dir='ltr'>unde,</span> <span class='ocrx_word' id='word_1_168' title='bbox 1185 2647 1304 2723; x_wconf 87' lang='lat' dir='ltr'>etqua</span> 
     </span>
     <span class='ocr_line' id='line_1_24' title="bbox 222 2734 1303 2821; baseline 0 -21"><span class='ocrx_word' id='word_1_169' title='bbox 222 2740 347 2800; x_wconf 85' lang='lat' dir='ltr'>ratione</span> <span class='ocrx_word' id='word_1_170' title='bbox 371 2736 562 2816; x_wconf 73' lang='lat' dir='ltr'>depravatae</span> <span class='ocrx_word' id='word_1_171' title='bbox 584 2734 755 2810; x_wconf 86' lang='lat' dir='ltr'>lectiones,</span> <span class='ocrx_word' id='word_1_172' title='bbox 777 2756 858 2819; x_wconf 82' lang='lat' dir='ltr'>quae</span> <span class='ocrx_word' id='word_1_173' title='bbox 878 2735 1067 2821; x_wconf 75' lang='lat' dir='ltr'>plerumque</span> <span class='ocrx_word' id='word_1_174' title='bbox 1087 2737 1122 2798; x_wconf 86' lang='lat' dir='ltr'>in</span> <span class='ocrx_word' id='word_1_175' title='bbox 1143 2737 1303 2800; x_wconf 81' lang='lat' dir='ltr'>editiones</span> 
     </span>
     <span class='ocr_line' id='line_1_25' title="bbox 223 2818 973 2915; baseline -0.009 -12"><span class='ocrx_word' id='word_1_176' title='bbox 223 2845 350 2903; x_wconf 71' lang='lat' dir='ltr'>veteres</span> <span class='ocrx_word' id='word_1_177' title='bbox 371 2834 591 2905; x_wconf 83' lang='lat' dir='ltr'>transierunt,</span> <span class='ocrx_word' id='word_1_178' title='bbox 608 2834 741 2896; x_wconf 81' lang='lat' dir='ltr'>&#39;fermari</span> <span class='ocrx_word' id='word_1_179' title='bbox 761 2835 937 2915; x_wconf 86' lang='lat' dir='ltr'>potuerint.</span> <span class='ocrx_word' id='word_1_180' title='bbox 961 2818 973 2844; x_wconf 71' lang='lat'><em>⁶</em></span> 
     </span>
    </p>

    <p class='ocr_par' dir='ltr' id='par_1_5' title="bbox 223 2925 1354 3513">
     <span class='ocr_line' id='line_1_26' title="bbox 235 2925 1301 3019; baseline -0.002 -23"><span class='ocrx_word' id='word_1_181' title='bbox 235 2997 240 3005; x_wconf 77' lang='grc'><strong>,</strong></span> <span class='ocrx_word' id='word_1_182' title='bbox 306 2936 443 3019; x_wconf 84' lang='lat' dir='ltr'>Itaque,</span> <span class='ocrx_word' id='word_1_183' title='bbox 466 2934 495 2995; x_wconf 91' lang='lat' dir='ltr'>si</span> <span class='ocrx_word' id='word_1_184' title='bbox 515 2925 714 2994; x_wconf 82' lang='lat' dir='ltr'>bibliotheca</span> <span class='ocrx_word' id='word_1_185' title='bbox 734 2932 837 3014; x_wconf 79' lang='lat' dir='ltr'>Regia</span> <span class='ocrx_word' id='word_1_186' title='bbox 858 2933 1095 3015; x_wconf 83' lang='lat' dir='ltr'>suppeditabat,</span> <span class='ocrx_word' id='word_1_187' title='bbox 1117 2933 1227 2996; x_wconf 88' lang='lat' dir='ltr'>decem</span> <span class='ocrx_word' id='word_1_188' title='bbox 1248 2936 1301 3002; x_wconf 82' lang='lat' dir='ltr'>rel</span> 
     </span>
     <span class='ocr_line' id='line_1_27' title="bbox 223 3031 1300 3114; baseline -0.006 -14"><span class='ocrx_word' id='word_1_189' title='bbox 223 3035 395 3102; x_wconf 85' lang='lat' dir='ltr'>duodecim</span> <span class='ocrx_word' id='word_1_190' title='bbox 426 3033 555 3094; x_wconf 86' lang='lat' dir='ltr'>codices</span> <span class='ocrx_word' id='word_1_191' title='bbox 587 3033 701 3106; x_wconf 80' lang='lat' dir='ltr'>Meos,</span> <span class='ocrx_word' id='word_1_192' title='bbox 741 3041 796 3108; x_wconf 86' lang='lat' dir='ltr'>et,</span> <span class='ocrx_word' id='word_1_193' title='bbox 835 3033 864 3094; x_wconf 87' lang='lat' dir='ltr'>si</span> <span class='ocrx_word' id='word_1_194' title='bbox 897 3031 1101 3092; x_wconf 81' lang='lat' dir='ltr'>Catilinarias</span> <span class='ocrx_word' id='word_1_195' title='bbox 1134 3032 1300 3114; x_wconf 87' lang='lat' dir='ltr'>excipias,</span> 
     </span>
     <span class='ocr_line' id='line_1_28' title="bbox 224 3131 1302 3216; baseline 0.001 -22"><span class='ocrx_word' id='word_1_196' title='bbox 224 3136 397 3196; x_wconf 81' lang='lat' dir='ltr'>editionem</span> <span class='ocrx_word' id='word_1_197' title='bbox 410 3133 591 3216; x_wconf 87' lang='lat' dir='ltr'>principem</span> <span class='ocrx_word' id='word_1_198' title='bbox 604 3131 787 3208; x_wconf 84' lang='lat' dir='ltr'>Romanam,</span> <span class='ocrx_word' id='word_1_199' title='bbox 810 3137 1005 3205; x_wconf 82' lang='lat' dir='ltr'>constanter,</span> <span class='ocrx_word' id='word_1_200' title='bbox 1027 3140 1061 3192; x_wconf 89' lang='lat' dir='ltr'>et</span> <span class='ocrx_word' id='word_1_201' title='bbox 1076 3139 1195 3215; x_wconf 86' lang='lat' dir='ltr'>quauta</span> <span class='ocrx_word' id='word_1_202' title='bbox 1207 3131 1302 3195; x_wconf 89' lang='lat' dir='ltr'>licuit</span> 
     </span>
     <span class='ocr_line' id='line_1_29' title="bbox 225 3229 1354 3314; baseline -0.001 -20"><span class='ocrx_word' id='word_1_203' title='bbox 225 3232 416 3314; x_wconf 74' lang='lat' dir='ltr'>diligentia,</span> <span class='ocrx_word' id='word_1_204' title='bbox 448 3231 581 3294; x_wconf 88' lang='lat' dir='ltr'>contuli.</span> <span class='ocrx_word' id='word_1_205' title='bbox 599 3267 637 3279; x_wconf 87' lang='lat'>-</span> <span class='ocrx_word' id='word_1_206' title='bbox 680 3231 782 3292; x_wconf 86' lang='lat' dir='ltr'>Feriis</span> <span class='ocrx_word' id='word_1_207' title='bbox 804 3229 1036 3293; x_wconf 86' lang='lat' dir='ltr'>autumnalibus</span> <span class='ocrx_word' id='word_1_208' title='bbox 1059 3229 1202 3312; x_wconf 88' lang='lat' dir='ltr'>ejusdem</span> <span class='ocrx_word' id='word_1_209' title='bbox 1227 3233 1304 3294; x_wconf 90' lang='lat' dir='ltr'>anni</span> <span class='ocrx_word' id='word_1_210' title='bbox 1351 3307 1354 3314; x_wconf 18' lang='grc' dir='ltr'>ν</span> 
     </span>
     <span class='ocr_line' id='line_1_30' title="bbox 224 3328 1303 3414; baseline -0.002 -20"><span class='ocrx_word' id='word_1_211' title='bbox 224 3331 498 3394; x_wconf 75' lang='lat' dir='ltr'>Mocccxxvl</span> <span class='ocrx_word' id='word_1_212' title='bbox 518 3328 724 3399; x_wconf 77' lang='lat' dir='ltr'>Monaehium</span> <span class='ocrx_word' id='word_1_213' title='bbox 745 3351 872 3414; x_wconf 86' lang='lat' dir='ltr'>quoqne</span> <span class='ocrx_word' id='word_1_214' title='bbox 888 3351 942 3390; x_wconf 66' lang='lat' dir='ltr'>vrue</span> <span class='ocrx_word' id='word_1_215' title='bbox 964 3329 1109 3406; x_wconf 90' lang='lat' dir='ltr'>contuli,</span> <span class='ocrx_word' id='word_1_216' title='bbox 1141 3352 1180 3391; x_wconf 90' lang='lat' dir='ltr'>eo</span> <span class='ocrx_word' id='word_1_217' title='bbox 1201 3332 1303 3414; x_wconf 87' lang='lat' dir='ltr'>petis·</span> 
     </span>
     <span class='ocr_line' id='line_1_31' title="bbox 224 3429 1304 3513; baseline -0.003 -19"><span class='ocrx_word' id='word_1_218' title='bbox 224 3431 337 3494; x_wconf 87' lang='lat' dir='ltr'>simum</span> <span class='ocrx_word' id='word_1_219' title='bbox 358 3431 515 3506; x_wconf 88' lang='lat' dir='ltr'>consilio,</span> <span class='ocrx_word' id='word_1_220' title='bbox 542 3439 578 3492; x_wconf 90' lang='lat' dir='ltr'>ut</span> <span class='ocrx_word' id='word_1_221' title='bbox 599 3429 797 3513; x_wconf 89' lang='lat' dir='ltr'>praeclarum</span> <span class='ocrx_word' id='word_1_222' title='bbox 818 3429 909 3492; x_wconf 89' lang='lat' dir='ltr'>illum</span> <span class='ocrx_word' id='word_1_223' title='bbox 931 3429 1075 3492; x_wconf 84' lang='lat' dir='ltr'>codicem</span> <span class='ocrx_word' id='word_1_224' title='bbox 1095 3429 1304 3510; x_wconf 81' lang='lat' dir='ltr'>Bavaricum,</span> 
     </span>
    </p>
   </div>
   <div class='ocr_carea' id='block_1_5' title="bbox 221 3523 1308 4211">
    <p class='ocr_par' dir='ltr' id='par_1_6' title="bbox 221 3523 1308 4211">
     <span class='ocr_line' id='line_1_32' title="bbox 224 3523 1308 3613; baseline 0 -19"><span class='ocrx_word' id='word_1_225' title='bbox 224 3533 279 3594; x_wconf 78' lang='lat' dir='ltr'>sel</span> <span class='ocrx_word' id='word_1_226' title='bbox 298 3532 406 3613; x_wconf 90' lang='lat' dir='ltr'>potius</span> <span class='ocrx_word' id='word_1_227' title='bbox 428 3531 715 3611; x_wconf 65' lang='lat' dir='ltr'>&#39;Pegernseenserm</span> <span class='ocrx_word' id='word_1_228' title='bbox 737 3529 828 3609; x_wconf 88' lang='lat' dir='ltr'>cujus</span> <span class='ocrx_word' id='word_1_229' title='bbox 850 3549 910 3612; x_wconf 91' lang='lat' dir='ltr'>ope</span> <span class='ocrx_word' id='word_1_230' title='bbox 924 3523 1118 3592; x_wconf 77' lang='lat' dir='ltr'>Garatouius</span> <span class='ocrx_word' id='word_1_231' title='bbox 1141 3532 1308 3594; x_wconf 84' lang='lat' dir='ltr'>orationes</span> 
     </span>
     <span class='ocr_line' id='line_1_33' title="bbox 224 3619 1304 3712; baseline 0 -22"><span class='ocrx_word' id='word_1_232' title='bbox 224 3650 284 3712; x_wconf 90' lang='lat' dir='ltr'>pro</span> <span class='ocrx_word' id='word_1_233' title='bbox 310 3627 446 3692; x_wconf 81' lang='lat' dir='ltr'>Plancio</span> <span class='ocrx_word' id='word_1_234' title='bbox 472 3633 508 3688; x_wconf 90' lang='lat' dir='ltr'>et</span> <span class='ocrx_word' id='word_1_235' title='bbox 534 3646 593 3708; x_wconf 92' lang='lat' dir='ltr'>pro</span> <span class='ocrx_word' id='word_1_236' title='bbox 620 3626 745 3688; x_wconf 79' lang='lat' dir='ltr'>Milone</span> <span class='ocrx_word' id='word_1_237' title='bbox 767 3629 896 3708; x_wconf 72' lang='lat' dir='ltr'>egregie</span> <span class='ocrx_word' id='word_1_238' title='bbox 917 3627 1162 3704; x_wconf 82' lang='lat' dir='ltr'>emendaverat,</span> <span class='ocrx_word' id='word_1_239' title='bbox 1184 3619 1304 3692; x_wconf 70' lang='lat' dir='ltr'>&#39;denuo</span> 
     </span>
     <span class='ocr_line' id='line_1_34' title="bbox 223 3723 1305 3812; baseline -0.003 -20"><span class='ocrx_word' id='word_1_240' title='bbox 223 3731 428 3812; x_wconf 87' lang='lat' dir='ltr'>inspicerem.</span> <span class='ocrx_word' id='word_1_241' title='bbox 470 3723 519 3787; x_wconf 77' lang='lat' dir='ltr'>lia</span> <span class='ocrx_word' id='word_1_242' title='bbox 542 3726 669 3812; x_wconf 85' lang='lat' dir='ltr'>quidem</span> <span class='ocrx_word' id='word_1_243' title='bbox 695 3747 771 3810; x_wconf 86' lang='lat' dir='ltr'>apes</span> <span class='ocrx_word' id='word_1_244' title='bbox 798 3747 880 3788; x_wconf 84' lang='lat' dir='ltr'>vana</span> <span class='ocrx_word' id='word_1_245' title='bbox 903 3728 986 3802; x_wconf 86' lang='lat' dir='ltr'>fuit,</span> <span class='ocrx_word' id='word_1_246' title='bbox 1017 3749 1114 3812; x_wconf 86' lang='lat' dir='ltr'>quum</span> <span class='ocrx_word' id='word_1_247' title='bbox 1135 3730 1199 3796; x_wconf 87' lang='lat' dir='ltr'>iste</span> <span class='ocrx_word' id='word_1_248' title='bbox 1220 3728 1305 3789; x_wconf 91' lang='lat' dir='ltr'>liber</span> 
     </span>
     <span class='ocr_line' id='line_1_35' title="bbox 221 3825 1305 3916; baseline -0.001 -24"><span class='ocrx_word' id='word_1_249' title='bbox 221 3827 291 3910; x_wconf 78' lang='lat' dir='ltr'>jau</span> <span class='ocrx_word' id='word_1_250' title='bbox 316 3829 356 3890; x_wconf 84' lang='lat' dir='ltr'>ab</span> <span class='ocrx_word' id='word_1_251' title='bbox 382 3827 537 3900; x_wconf 68' lang='lat' dir='ltr'>Aretho,</span> <span class='ocrx_word' id='word_1_252' title='bbox 575 3826 628 3888; x_wconf 90' lang='lat' dir='ltr'>cui</span> <span class='ocrx_word' id='word_1_253' title='bbox 655 3825 757 3889; x_wconf 89' lang='lat' dir='ltr'>libros</span> <span class='ocrx_word' id='word_1_254' title='bbox 778 3825 1034 3909; x_wconf 76' lang='lat' dir='ltr'>Tegernseensis</span> <span class='ocrx_word' id='word_1_255' title='bbox 1062 3829 1210 3892; x_wconf 88' lang='lat' dir='ltr'>coenobii</span> <span class='ocrx_word' id='word_1_256' title='bbox 1233 3828 1305 3916; x_wconf 68' lang='lat' dir='ltr'>llio·</span> 
     </span>
     <span class='ocr_line' id='line_1_36' title="bbox 225 3925 1304 4003; baseline -0.006 -9"><span class='ocrx_word' id='word_1_257' title='bbox 225 3925 376 3996; x_wconf 77' lang='lat' dir='ltr'>trachium</span> <span class='ocrx_word' id='word_1_258' title='bbox 403 3925 620 3990; x_wconf 78' lang='lat' dir='ltr'>transferendi</span> <span class='ocrx_word' id='word_1_259' title='bbox 662 3945 738 3987; x_wconf 89' lang='lat' dir='ltr'>eura</span> <span class='ocrx_word' id='word_1_260' title='bbox 772 3925 961 3998; x_wconf 77' lang='lat' dir='ltr'>demandata</span> <span class='ocrx_word' id='word_1_261' title='bbox 992 3937 1080 4003; x_wconf 86' lang='lat' dir='ltr'>erat,</span> <span class='ocrx_word' id='word_1_262' title='bbox 1122 3949 1189 3990; x_wconf 90' lang='lat' dir='ltr'>uon</span> <span class='ocrx_word' id='word_1_263' title='bbox 1218 3935 1304 3992; x_wconf 86' lang='lat' dir='ltr'>esset</span> 
     </span>
     <span class='ocr_line' id='line_1_37' title="bbox 224 4025 1302 4111; baseline -0.005 -20"><span class='ocrx_word' id='word_1_264' title='bbox 224 4035 385 4111; x_wconf 76' lang='lat' dir='ltr'>repertas.</span> <span class='ocrx_word' id='word_1_265' title='bbox 445 4025 672 4088; x_wconf 83' lang='lat' dir='ltr'>Verumtamen</span> <span class='ocrx_word' id='word_1_266' title='bbox 712 4025 841 4107; x_wconf 83' lang='lat' dir='ltr'>adjutus</span> <span class='ocrx_word' id='word_1_267' title='bbox 881 4025 1038 4109; x_wconf 70' lang='lat' dir='ltr'>singulari</span> <span class='ocrx_word' id='word_1_268' title='bbox 1078 4025 1302 4090; x_wconf 82' lang='lat' dir='ltr'>benevolentia</span> 
     </span>
     <span class='ocr_line' id='line_1_38' title="bbox 225 4123 1305 4211; baseline -0.002 -21"><span class='ocrx_word' id='word_1_269' title='bbox 225 4127 460 4211; x_wconf 73' lang='lat' dir='ltr'>praefectorum</span> <span class='ocrx_word' id='word_1_270' title='bbox 496 4124 714 4188; x_wconf 81' lang='lat' dir='ltr'>bibliothecae</span> <span class='ocrx_word' id='word_1_271' title='bbox 752 4123 894 4209; x_wconf 72' lang='lat' dir='ltr'>Regiae,</span> <span class='ocrx_word' id='word_1_272' title='bbox 930 4125 1028 4188; x_wconf 74' lang='lat' dir='ltr'>biart.</span> <span class='ocrx_word' id='word_1_273' title='bbox 1061 4127 1305 4206; x_wconf 75' lang='lat' dir='ltr'>Schroettiager</span> 
     </span>
    </p>
   </div>
   <div class='ocr_carea' id='block_1_6' title="bbox 169 4223 1309 4428">
    <p class='ocr_par' dir='ltr' id='par_1_7' title="bbox 169 4223 1309 4428">
     <span class='ocr_line' id='line_1_39' title="bbox 227 4223 1307 4306; baseline 0 -18"><span class='ocrx_word' id='word_1_274' title='bbox 227 4235 260 4288; x_wconf 87' lang='lat' dir='ltr'>et</span> <span class='ocrx_word' id='word_1_275' title='bbox 298 4225 498 4306; x_wconf 68' lang='lat' dir='ltr'>lirahinger,</span> <span class='ocrx_word' id='word_1_276' title='bbox 560 4245 626 4288; x_wconf 88' lang='lat' dir='ltr'>non</span> <span class='ocrx_word' id='word_1_277' title='bbox 670 4223 774 4286; x_wconf 89' lang='lat' dir='ltr'>solum</span> <span class='ocrx_word' id='word_1_278' title='bbox 815 4225 990 4299; x_wconf 84' lang='lat' dir='ltr'>editionem</span> <span class='ocrx_word' id='word_1_279' title='bbox 1030 4224 1185 4292; x_wconf 81' lang='lat' dir='ltr'>Venetam</span> <span class='ocrx_word' id='word_1_280' title='bbox 1227 4225 1307 4288; x_wconf 88' lang='lat' dir='ltr'>anni</span> 
     </span>
     <span class='ocr_line' id='line_1_40' title="bbox 169 4323 1309 4428; baseline 0.001 -39"><span class='ocrx_word' id='word_1_281' title='bbox 169 4423 171 4428; x_wconf 23' lang='grc' dir='ltr'>Ι</span> <span class='ocrx_word' id='word_1_282' title='bbox 225 4323 514 4389; x_wconf 70' lang='grc' dir='ltr'><strong>ΜΟΕΟΟΒΧΧῙΙ</strong></span> <span class='ocrx_word' id='word_1_283' title='bbox 540 4324 780 4410; x_wconf 67' lang='lat' dir='ltr'>perabductum</span> <span class='ocrx_word' id='word_1_284' title='bbox 800 4325 1004 4410; x_wconf 54' lang='lat' dir='ltr'>Amhergans</span> <span class='ocrx_word' id='word_1_285' title='bbox 1033 4335 1067 4391; x_wconf 85' lang='lat' dir='ltr'>et</span> <span class='ocrx_word' id='word_1_286' title='bbox 1096 4326 1191 4391; x_wconf 86' lang='lat' dir='ltr'>aliam</span> <span class='ocrx_word' id='word_1_287' title='bbox 1230 4328 1309 4390; x_wconf 85' lang='lat' dir='ltr'>anni</span> 
     </span>
    </p>
   </div>
   <div class='ocr_carea' id='block_1_7' title="bbox 0 0 1432 5024">
    <p class='ocr_par' dir='ltr' id='par_1_8' title="bbox 0 0 1432 5024">
     <span class='ocr_line' id='line_1_41' title="bbox 0 0 1432 5024; baseline 0 0"><span class='ocrx_word' id='word_1_288' title='bbox 0 0 1432 5024; x_wconf 95' lang='lat' dir='ltr'> </span> 
     </span>
    </p>
   </div>
  </div>
 </body>
</html>
