2766 5026
271 377 819 438 anroeanmoureonn.
879 345 887 366 '
1022 383 1107 462 239
1179 399 1186 428 2

84 545 163 614 Apud
186 535 337 598 Domitium
363 552 454 598 autem
478 549 663 616 quaesitorem
693 549 781 620 major
808 550 930 619 Appius·
952 529 1106 619 postulavit

27 616 145 668 aldilone
160 633 254 686 serpes
273 615 397 668 exbiberi
411 635 525 668 numero
539 619 607 669 1111
624 627 651 672 ct
665 619 697 670 L.
715 627 743 672 et
761 639 821 671 curn
835 621 885 673 ille
901 627 1026 687 negaret,
1047 639 1105 682 eos,
1137 647 1141 654 -

27 688 64 756 qui
76 687 292 746 nominabantur,
311 688 339 736 in
353 705 401 738 sua
415 695 554 756 potestate
573 708 650 749 erse,
678 691 817 743 Domitius
832 711 865 743 ex
883 693 1019 756 sententia
1029 693 1104 761 judi·
1160 731 1172 754 ‚e

28 775 76 876 euple
95 758 294 876 prpnuntiarit‚
328 764 359 811 ut
389 777 422 810 ex
446 777 589 812 serrorum
613 779 706 839 eprum
730 743 1013 814 uumerolaecusator
1036 769 1104 830 quot

27 847 52 878 ie
73 835 123 878 ete
144 834 211 879 eret.
1016 837 1018 844 ⁴

83 912 165 965 Citati
183 913 282 965 eunde
301 919 401 974 testes,
420 915 568 969 seeundum
585 914 690 983 legem,
711 935 799 984 quae,
824 924 955 986 utsupra
975 917 1100 978 diximus,
1112 909 1152 964 26
1225 911 1229 918 ’

25 982 136 1052 jubebat,
155 990 184 1036 ut
196 985 295 1058 prius,
313 1001 393 1052 quam
410 1001 492 1038 causa
506 992 655 1053 ageretur,
672 994 758 1038 testes
773 1005 824 1055 per
839 989 960 1039 triduum
974 988 1101 1050 audiren-

27 1060 76 1112 tur,
101 1056 172 1106 dicta
188 1073 282 1106 eorum
295 1056 404 1124 judices
421 1059 630 1124 consignarent,
665 1065 763 1126 quarta
783 1058 827 1108 die
852 1059 947 1110 adesse
967 1076 1058 1110 ornnes
1073 1061 1101 1110 in

28 1125 83 1173 diem
98 1132 234 1193 posterum
244 1118 429 1196 juberentur,
463 1145 494 1178 ae
521 1144 623 1178 corana*
640 1115 800 1180 accusatore
820 1145 851 1180 ac
874 1147 923 1180 reo
946 1129 1040 1196 pilae,
1072 1131 1102 1180 iu

28 1195 106 1260 quibus
122 1198 228 1246 nomina
243 1197 368 1264 judicum
388 1199 521 1265 inscripta
540 1204 648 1256 essent,
676 1189 877 1266 aequarenture
915 1200 978 1250 dein
1004 1217 1101 1251 rursus

27 1271 119 1332 postera
133 1267 175 1318 die
190 1267 301 1318 sortitio
311 1268 435 1337 judicum
449 1268 531 1319 lieret
547 1270 626 1320 unius
644 1269 811 1320 eeLxxxe
831 1272 878 1338 qui
895 1286 1023 1322 numerus
1040 1288 1100 1322 cum
1195 1301 1197 1306 ·

29 1341 85 1384 sorte
101 1331 269 1404 obtigisset,-
279 1338 333 1406 ipsi
349 1339 475 1407 protinus
492 1356 595 1390 sessum
611 1340 700 1390 mente
727 1347 785 1390 tum
805 1341 840 1390 ad
856 1341 1099 1410 dicendumlaecu·

29 1411 85 1455 sator
101 1407 162 1458 duas
175 1408 276 1468 boras,
304 1425 368 1458 reus
384 1416 443 1460 tres
458 1409 592 1469 baberet,
620 1427 737 1477 reusque
756 1412 852 1461 eodem
868 1411 912 1460 die
927 1412 977 1461 illo
992 1412 1099 1480 judica·

29 1482 102 1526 reture
117 1480 192 1546 prius
207 1485 300 1532 autern
318 1496 397 1548 quam
412 1481 563 1542 sententiae
579 1480 722 1536 ferrentur
736 1481 832 1548 quinos
849 1499 881 1532 en
895 1482 1009 1548 singulis
1026 1482 1100 1532 ordi·

29 1546 88 1596 nibus
103 1557 260 1609 aecusator,
287 1550 403 1600 totidem
422 1568 485 1601 reus
501 1551 648 1619 rejiceret,
673 1551 713 1602 ita
730 1557 761 1601 ut
779 1569 907 1603 uumerus
919 1553 1043 1622 judicum
1058 1570 1100 1602 re·

29 1615 191 1686 linqueretur,
211 1621 261 1688 qui
278 1621 427 1671 sententias
438 1621 564 1679 ferrent,
583 1621 782 1688 quinquaginta
798 1629 826 1673 et
841 1639 918 1672 unus.

81 1705 164 1756 Primo
182 1707 227 1758 die
245 1708 325 1760 datus
344 1713 404 1758 erat
418 1707 446 1757 in
462 1707 595 1758 Milonem
608 1707 688 1756 testis
709 1704 849 1757 Cossinius
867 1706 985 1766 Schola,
1009 1705 1057 1775 qui
1070 1723 1099 1757 se
1110 1707 1151 1762 27
1184 1738 1186 1744 ,

33 1790 74 1824 eun
85 1775 112 1826 P.
130 1776 231 1828 Clodio
246 1779 348 1836 luisse,
376 1795 437 1828 cum
451 1779 475 1828 is
493 1778 599 1828 occisus
617 1783 677 1836 est,
697 1776 785 1838 dixit3
814 1779 1040 1845 atrocitatemque
1058 1777 1101 1828 rei

34 1843 111 1904 laetae,
137 1866 215 1916 quana
231 1849 347 1900 maxime
362 1849 582 1917 potuit‚eauxit.
609 1862 689 1914 quern
706 1859 766 1898 eum
780 1848 957 1914 interrogare
971 1849 1009 1898 M.
1026 1847 1101 1897 Mar-

38 1914 96 1966 eellus
109 1919 259 1986 coepisset,
287 1925 370 1971 tanto
387 1919 506 1970 tumultu
523 1917 682 1969 Clodianae
692 1917 876 1968 multitudinis
898 1920 1101 1969 circumstantis

39 1988 149 2038 exterritus
166 1997 226 2050 est,
257 1996 288 2040 ut
310 1991 365 2042 rim
378 1989 502 2040 ultimam
516 1989 614 2052 timens
635 1989 664 2036 in
680 1987 803 2037 tribunal
821 2005 837 2037 n
854 1989 977 2039 Domitio
995 1990 1101 2057 recipe·

39 2059 96 2106 retur.
113 2077 189 2124 quam
205 2060 240 2112 ob
259 2077 367 2111 eausam
381 2059 419 2110 M.
437 2059 603 2118 Marcellus,
625 2066 652 2109 et
668 2059 727 2125 ipse
742 2057 811 2108 Milo
828 2077 844 2108 a
858 2058 981 2109 Domitio
996 2061 1101 2128 praesi-

38 2122 86 2174 diun
98 2128 319 2197 imploraverunt.
347 2131 462 2181 sedebat
479 2148 510 2180 eo
529 2136 653 2197 tempore
670 2127 722 2178 Cn.
739 2127 886 2197 Pompeius
902 2131 937 2180 ad
953 2131 1100 2190 aerarium,

34 2198 240 2272 perturbatusque.
262 2207 322 2252 erat
342 2201 439 2253 eodem
464 2202 515 2252 illo
541 2201 678 2251 clamores
705 2201 798 2267 itaque
816 2199 938 2251 Domitio
955 2201 1100 2268 promisit,

34 2278 53 2310 tt
63 2275 157 2332 postero
176 2273 220 2324 die
237 2291 299 2337 cum
313 2272 452 2341 praesidio
472 2273 684 2330 descensurum,
704 2270 787 2338 idque
803 2271 885 2321 lecit:
906 2272 991 2340 'spuere
1007 2271 1101 2322 territi
1111 2276 1151 2330 28

34 2330 151 2400 Clodiani,
170 2344 283 2394 silentio
296 2342 382 2394 verba
398 2343 510 2394 testium
524 2359 576 2410 per
593 2342 707 2393 biduum
724 2342 814 2392 audiri
830 2343 905 2408 passi
920 2348 990 2395 sunt.
1016 2342 1102 2392 inter·

31 2414 171 2478 rogaverunt
187 2431 234 2466 eos
252 2413 291 2463 M.
309 2412 430 2472 Cicero,
449 2413 488 2469 M.
504 2413 674 2470 Marcellus,
695 2417 723 2462 et
738 2412 807 2472 Milo
824 2410 893 2479 ipse.
912 2412 991 2463 multi
1009 2431 1042 2463 cx
1057 2413 1101 2472 iis,

33 2475 65 2537 qui
76 2478 182 2533 Bovillis
197 2483 378 2544 babitabant,
404 2484 590 2550 testimoniam
607 2483 736 2533 dixerunt
753 2482 787 2532 de
802 2482 856 2542 iis,
885 2501 955 2550 quae
971 2482 1012 2552 ibi
1027 2483 1103 2534 iacta

30 2554 100 2607 ‘fllia
118 2569 267 2622 cauponem
282 2555 419 2614 occisum,
449 2554 593 2604 tabernam
618 2559 815 2621 expugnatam,
842 2570 941 2622 eorpus
959 2553 1054 2603 Clodii
1073 2555 1102 2604 iu

29 2613 140 2676 niueum
157 2632 310 2692 extractum
326 2643 392 2678 esse.
429 2625 562 2692 Virginea
577 2641 685 2692 quoque
699 2624 829 2674 Vestales
846 2624 984 2684 dixerunt,
1002 2625 1099 2698 mulie·
1129 2629 1133 2637 '

29 2696 70 2733 ΝΜ
89 2689 201 2755 ignotam
226 2697 334 2750 senisse
353 2697 388 2746 ad
407 2713 453 2755 se,
481 2713 550 2762 quae
562 2694 679 2744 'Milonis
700 2696 827 2744 mandato
846 2701 938 2746 votum
953 2695 1094 2754 solveret,

29 2757 81 2816 ΨΜ
95 2759 203 2816 Clodius
218 2771 326 2819 occisus
343 2773 424 2818 esset.
452 2767 564 2818 ultimae
579 2765 763 2817 testimonium
782 2765 911 2817 dixerunt
930 2766 1096 2834 Sempronia
1139 2789 1144 2794 ·

28 2817 132 2882 Tuditani
147 2835 221 2897 tilia,
251 2855 347 2889 socrus
364 2837 396 2888 Ρ.
413 2836 527 2896 Clodii,
553 2842 664 2888 etuxor
680 2836 795 2895 Fulvia,
824 2842 851 2886 et
868 2837 936 2886 tletn
953 2853 1001 2886 sno
1019 2855 1094 2904 mag·
1193 2889 1219 2922 ,Δ
1300 2875 1301 2882 1

27 2904 105 2960 ¹¹⁰pere
128 2922 188 2966 eos,
224 2909 272 2978 qui
297 2908 460 2966 adstabant,
489 2912 701 2958 commoverunt.
747 2907 868 2956 Dimisso
896 2907 972 2957 eirea
996 2905 1093 2956 boram

28 2960 132 3022 decinam
144 2976 269 3044 judicio,
289 2980 322 3028 Τ.
337 2979 475 3028 Munatius
490 2996 542 3047 pro
562 2979 693 3030 ooneione
710 2977 843 3045 populum
858 2976 1020 3038 adhortatus
1040 2983 1092 3034 est,

27 3038 162 3116 lipostero
189 3050 233 3101 die
259 3051 389 3117 frequens
414 3049 539 3108 adesset,
569 3055 596 3100 et
621 3047 695 3098 elabi
708 3047 839 3099 Milonem
857 3065 910 3098 uon
929 3054 1091 3117 pateretur,

25 3105 180 3181 sauciumque
198 3128 226 3178 et
244 3121 370 3178 dolorem
385 3119 648 3182 suumostenderet.

28 3239 33 3249 Ι
64 3176 186 3239 Euntibus
211 3193 254 3242 ad'
269 3191 400 3242 tabellam
422 3191 564 3240 ferendam
589 3195 701 3258 postero
727 3186 771 3236 die
785 3187 945 3255 judicibus,
975 3186 1021 3253 qui
1038 3186 1141 3246 luit29

25 3243 99 3303 judieii
112 3257 210 3322 primus
225 3283 250 3312 a.
262 3262 287 3311 d.
295 3262 352 3311 111.
360 3262 427 3311 Idus
436 3261 518 3328 Apr„
538 3260 647 3311 clausae
657 3258 769 3308 fuerunt
784 3263 844 3307 tota
858 3257 927 3308 urbe
942 3257 1092 3307 tabernae:

27 3321 137 3374 praesidia
152 3329 179 3378 in
197 3334 259 3384 loro
278 3338 306 3383 et
324 3333 398 3384 eirca
413 3349 504 3382 ornnes
520 3331 576 3380 lori
593 3330 682 3378 aditus
698 3327 845 3394 Pompeius
862 3329 1012 3394 disposuit:
1031 3328 1090 3395 ipse

27 3395 62 3465 ltu
75 3397 188 3461 aerario,
208 3413 240 3456 nt
255 3404 364 3471 pridie,
385 3403 526 3460 consedit,
546 3406 640 3470 septus
655 3397 764 3448 delecta
778 3415 858 3448 manu
876 3399 1000 3450 militurn.
1026 3415 1090 3456 sor·

27 3453 71 3503 t¹¹¹⁰
86 3461 174 3520 deinde
188 3471 329 3541 judicum,
349 3479 380 3525 ut
392 3476 486 3542 primo'
499 3473 543 3522 die
560 3472 635 3522 facta
652 3476 702 3521 est.
729 3475 810 3536 post,
829 3476 934 3520 tanturn
952 3468 1090 3519 silentium

27 3524 216 3604 latetmouet,
237 3551 365 3612 quantum
382 3562 439 3595 esse
456 3544 484 3593 in
499 3543 591 3611 aliquo
605 3541 671 3591 'loro
688 3546 789 3608 posset.
1122 3553 1125 3559 '

56 3595 122 3676 ‘Tum
133 3608 204 3664 intra
219 3614 315 3665 boram
331 3616 477 3666 secundam
494 3619 668 3664 accusatores
687 3616 838 3678 coeperunt
856 3610 967 3679 dicere„
978 3607 1088 3674 Appius

26 3673 106 3791 ἳᾚῖἱέ
123 3683 147 3728 tt
162 3680 200 3736 M.
214 3687 369 3745 Antonius,
390 3693 417 3736 et
432 3685 464 3736 P.
479 3683 611 3739 Valerius
625 3682 726 3748 Nepos.
746 3682 788 3730 usi
804 3687 866 3730 sunt
883 3698 915 3730 ex
931 3680 993 3743 lege
1012 3677 1087 3729 boris

1156 3175 1171 3208 s

63 3805 200 3881 Respondit
215 3824 257 3877 bis
274 3843 341 3876 unus
359 3821 526 3875 MssGicero.
552 3829 580 3873 et
598 3840 658 3873 eum
676 3819 838 3888 quibusdam
853 3818 1019 3885 placuisset,
1045 3819 1084 3869 ita
1095 3821 1136 3874 50

26 3866 113 3932 delendj
126 3891 238 3956 crimen,
266 3895 386 3949 interfici
403 3893 533 3944 Clodium
553 3893 611 3962 'pro
632 3891 778 3960 republica
802 3890 903 3948 fuisse,
933 3905 1011 3956 quum
1028 3889 1084 3938 inr-

26 3949 250 4034 mffmMAErutusst)
267 3958 376 4018 secutus
394 3954 437 4018 est
454 3967 482 4015 in
499 3978 530 4014 ea
546 3964 680 4021 oratione,
701 3979 780 4028 quam
795 3978 847 4028 pro
857 3961 961 4009 Milone
976 3976 1084 4026 compo-

66 4149 88 4214 1)
103 4155 138 4209 Μ.
154 4163 259 4221 Busiris,
296 4171 392 4238 Quint.
407 4170 457 4220 III
473 4165 578 4230 6,’9Ιι
606 4167 665 4218 llos
684 4169 754 4216 inter·
773 4183 858 4214 enancs
877 4167 1006 4222 convenit,
1025 4183 1081 4215 cuna
1171 4191 1188 4209 s

24 4223 101 4291 'anetum
115 4246 164 4282 esse
179 4237 341 4304 flectendam,
370 4243 397 4292 ἱη
420 4259 471 4306 th
490 4239 585 4290 seeundo
599 4239 745 4308 plurimum
763 4234 893 4304 adbibere
907 4239 1003 4287 virium
1018 4252 1080 4304 pos·
1164 4291 1165 4296 ,

29 4291 53 4396 ’ἕ
66 4305 157 4352 ⁰t⁰i⁰¹¹=
182 4309 288 4379 ideoque
311 4330 362 4382 pro
382 4311 485 4362 Milone
509 4310 586 4360 eliud
604 4307 728 4358 Ciceroni
751 4306 841 4376 tepenti
855 4307 975 4378 placuit,
1004 4305 1081 4356 eliud

48 4367 107 4422 “⁴¹⁰³
122 4388 173 4425 tum
189 4385 386 4436 exercitationis
402 4383 496 4454 pratia
513 4385 676 4450 componeret
690 4377 853 4438 cretionem
882 4397 940 4430 erere
956 4375 1078 4446 ille'jnrc

789 4444 906 4498 sev
