2824 5018
413 358 507 418 ruo
534 357 567 413 r.
592 323 810 414 uuonan.
1075 357 1185 438 475*

67 547 158 614 quern
177 531 299 590 contra
315 527 457 601 reuerti,
478 531 577 590 eausa
593 526 727 590 caderes
749 525 819 590 noll
834 530 990 589 terit-esso
1006 522 1159 598 iniustas,

66 621 110 685 nt,
132 633 205 672 curn
221 609 275 671 tui
289 609 397 671 fontes
408 610 462 671 rel
471 609 611 672 inimicis
619 609 687 671 tuis
696 616 842 691 pateant,
857 614 988 670 nostros
1005 607 1157 692 [rivulos]
1236 645 1243 660 κ

66 695 159 756 etiarn
177 692 294 754 amieis
314 696 410 775 putes
432 693 560 754 clausos
581 713 653 755 esse
676 700 837 774 oportere.
868 691 1029 764 Etenim,
1060 691 1089 750 si
1108 711 1156 752 me
1168 710 1208 765 ιο

64 785 116 838 tua
132 775 340 838 familiaritas
360 777 400 836 ab
417 776 478 836 hac
500 797 597 837 causa
617 775 827 849 removisset,
859 782 911 848 et,
944 775 972 834 si
990 774 1053 834 lroc
1071 773 1157 834 idem

64 860 102 935 Q.
121 858 320 934 Hortensio,
340 857 391 919 M.
410 859 543 932 Crasso,
566 858 753 920 clarissimis
775 858 866 932 viris,
888 857 918 918 si
932 857 1010 918 item
1019 857 1158 930 ceteris,

65 941 216 1024 aquibus
237 941 392 1022 intelligo
418 950 505 1004 tuarn
529 941 663 1022 qratiam
682 942 791 1021 anagni
809 939 990 1014 aestimari,
1022 939 1159 1002 accidis·

65 1031 131 1097 σείς
161 1025 199 1086 in
235 1045 276 1084 ea
309 1023 442 1086 civitate
480 1024 595 1086 consul
628 1024 817 1105 designatas
854 1025 1057 1086 defensorem
1093 1043 1159 1084 non

63 1105 209 1192 haberet,
233 1107 351 1192 inqua
369 1106 491 1168 nemini
505 1129 641 1192 anquam
652 1107 760 1170 intimo
778 1107 915 1169 maiores
931 1105 1038 1168 nostri
1049 1111 1166 1188 patro-⁸

65 1345 134 1379 uerso
152 1327 337 1380 ambulantem
351 1325 429 1398 [υνυς
449 1326 520 1396 quod
537 1335 597 1380 erat
613 1329 731 1402 iurique,
749 1348 814 1389 eum,
833 1329 879 1398 qui
896 1326 926 1380 id
941 1327 1052 1396 faceret.
1067 1324 1159 1397 faeere

66 1397 160 1449 curibus
181 1400 305 1450 omnibus
323 1399 366 1450 sui
384 1399 502 1468 eopiamr
534 1399 571 1450 ad
588 1417 653 1469 quor
672 1401 751 1459 olim,
777 1399 860 1453 etita
878 1398 1059 1456 ambulantes,
1086 1398 1159 1448 etin

64 1468 126 1520 solio
143 1469 270 1520 sedentes
288 1467 359 1520 dorni
377 1471 415 1521 sic
433 1468 578 1529 adibatur,
605 1487 658 1521 non
675 1470 761 1521 solum
777 1477 807 1520 ut
824 1469 932 1540 dejure
950 1469 1024 1521 cicili
1042 1467 1080 1518 a'd
1096 1484 1158 1525 eos.

62 1555 148 1590 cenam
165 1541 252 1592 etiam
270 1529 381 1610 del-filtra
398 1538 573 1599 eollocandn,
599 1540 632 1591 de
655 1539 739 1609 fundo
767 1540 887 1600 mendo,
914 1540 947 1592 de
964 1555 1029 1612 apro
1048 1537 1157 1590 colendo

61 1607 213 1675 referretur.
252 1609 325 1661 Inde
343 1611 419 1663 dicta
435 1617 499 1661 sunt
515 1625 642 1680 responsa
656 1612 832 1681 prudentum,
858 1612 893 1664 de
920 1611 1018 1681 quibua
1041 1627 1067 1664 t.
1086 1609 1110 1677 5.
1128 1605 1157 1660 9.

61 1676 126 1732 lust
146 1679 182 1740 1,
201 1679 233 1734 9.
259 1680 295 1748 fr.
315 1679 362 1732 99.
381 1681 407 1748 5.
424 1679 463 1732 tt
483 1682 519 1735 l).
539 1680 575 1742 l,
594 1681 621 1734 9.
659 1679 1042 1750 cie.oet.egg.11t,tuz
1073 1679 1158 1732 Arbi-

61 1749 151 1800 tratur
175 1767 262 1822 posse
290 1749 319 1800 id
342 1750 439 1820 populo
466 1758 558 1802 nostro
578 1752 707 1819 probari,
741 1753 776 1803 si
790 1760 815 1802 te
838 1751 875 1803 ad
890 1749 1159 1820 jaarespcndeadam

62 1817 1158 1892 mmm,antunmssuomdsttflmEplffissnu
1235 1845 1237 1850 ·

62 1895 114 1941 not.
133 1891 169 1940 ad
181 1889 212 1959 3.
232 1889 285 1942 99.
305 1918 336 1930 -
372 1890 407 1941 In
425 1893 518 1945 verbis
537 1893 678 1944 antecedd.
702 1891 806 1962 legitur
825 1893 903 1961 quain
923 1909 969 1944 nec
990 1889 1157 1947 industrias,

63 1977 105 2010 nec
127 1962 285 2012 misericors
307 1959 335 2010 in
352 1961 412 2012 Pal.
436 1980 480 2032 pr.
499 1961 578 2016 Parr.
599 1962 626 2020 7.
644 1961 672 2014 8.
691 1961 720 2014 9.
739 1961 813 2015 091.
841 1980 923 2030 quum
947 1962 1012 2013 Par.
1030 1959 1058 2012 4.
1085 1960 1154 2011 Bar.

63 2027 106 2080 Fr.
125 2029 200 2082 041.
219 2032 330 2082 Venus
358 2049 436 2100 qaam
453 2049 498 2082 nee
516 2032 797 2100 indqunmnecmis.
815 2050 884 2102 prae
902 2031 1055 2090 scierant,
1082 2030 1155 2081 unde

67 2097 137 2152 Guit
156 2101 345 2172 conjiciebat:
366 2120 413 2154 nec
427 2102 574 2156 indrutrius
592 2105 747 2171 qaisquam,
764 2120 819 2154 nec.
1149 2123 1152 2130 ’

111 2188 186 2237 quem
212 2179 309 2224 eontra
332 2173 450 2234 veturia,
486 2192 566 2242 quem
592 2174 801 2244 oppugnaverim
835 2189 859 2225 v.
886 2189 914 2241 p.
941 2169 973 2221 S.
997 2168 1081 2220 Rosa.
1104 2167 1156 2222 49.

68 2234 1157 2312 Mffimmw.QAEmss=QMmMmqmmmhm

69 2312 155 2362 uenis?
192 2311 269 2363 Phil.
288 2312 321 2362 H
339 2261 375 2364 le
414 2312 515 2364 Contra
538 2333 592 2365 rem
614 2333 688 2366 suam
711 2333 768 2373 rrae,
794 2313 880 2364 nescio
904 2309 1027 2378 quaudo,
1053 2311 1156 2362 arnust

68 2389 167 2444 questus
182 2391 234 2434 est.
265 2382 313 2432 An
327 2401 373 2451 eqo
390 2401 442 2434 non
454 2385 569 2434 venirem
582 2393 676 2434 eontra
693 2386 807 2435 alienum
820 2400 870 2451 pro
884 2380 1018 2449 subtiliari
1033 2387 1060 2430 et
1071 2397 1194 2445 neces-,y
1235 2404 1239 2424 s

67 2452 134 2504 tario
151 2471 207 2504 meo
221 2455 294 2503 eta?
330 2453 408 2504 vm
426 2453 460 2504 6:
488 2451 552 2502 Cum
569 2470 616 2502 suo
632 2471 724 2524 maqno
741 2453 865 2525 beneficio
882 2459 964 2512 esset,
983 2452 1086 2503 uenisse
1101 2467 1158 2500 eum

65 2528 152 2572 eontra
169 2541 208 2575 se.
246 2523 330 2574 Verr.
355 2522 456 2574 1145.
491 2524 575 2574 Adde
601 2523 637 2573 ad
653 2524 714 2578 Att.
735 2525 751 2574 1
771 2526 786 2577 1
807 2524 856 2575 sub
875 2523 940 2574 linc
976 2522 1094 2608 Roqauit
1119 2537 1158 2570 nse

67 2586 212 2653 Caeciliae,
232 2601 264 2644 at
281 2593 398 2644 adessem
412 2599 505 2644 contra
520 2591 647 2658 Satrium.
664 2622 697 2634 -
716 2594 761 2644 Me
773 2595 907 2646 existimes
920 2594 1084 2644 bunmnrtnte
1102 2607 1158 2642 esse

63 2662 241 2726 prohibitum,
268 2681 300 2714 ne
323 2671 417 2714 eontra
442 2665 520 2716 amici
543 2681 668 2718 summam
688 2666 908 2717 existimationem
931 2665 1076 2715 miserrimo
1100 2661 1157 2730 ejas

66 2737 174 2802 tempore
189 2734 317 2786 venirem.
330 2762 363 2774 -
399 2733 504 2785 Eadem
520 2734 684 2804 anastrophe
699 2736 728 2786 in
747 2737 829 2789 Orat.
846 2735 902 2796 10,
921 2734 978 2787 bt·
1010 2731 1156 2797 Conseque-

66 2801 117 2861 rls,
141 2812 171 2856 ut
190 2823 236 2857 ecs
252 2805 426 2873 ipsos,‘qucr
447 2813 541 2856 contra
559 2813 679 2864 statuas,
711 2825 809 2875 aequas
827 2806 1002 2876 placatosque
1026 2803 1155 2854 dimittas.

66 2867 132 2922 Phil.
152 2875 243 2928 1182
279 2874 366 2925 Homo
390 2875 505 2926 disertus
531 2893 584 2926 non
604 2877 748 2950 iutelligit,
776 2897 849 2936 euru,
876 2895 950 2942 quera
965 2882 1058 2924 eoam
1072 2871 1155 2930 dicit,

67 2937 171 2996 laudari
185 2965 204 2996 a
218 2963 256 2997 re.
292 2946 401 2998 Acadd.
417 2945 450 2996 II
471 2943 525 3006 tt,
544 2946 601 2997 47ι
634 2946 709 2998 Haec
731 2947 806 3016 ajunt
823 2948 936 3016 probari
955 2945 1063 3000 stoicis,
1090 2959 1155 3010 quos

67 3020 154 3064 tantm
171 3017 319 3084 disputaret.
355 3033 380 3069 v.
399 3035 425 3084 p.
446 3014 509 3067 (lln.
521 3014 571 3074 47.
588 3019 659 3084 Agr.
673 3017 768 3068 1150.
788 3017 853 3068 Ter.
866 3017 976 3068 Plrorm.
991 3014 1041 3064 111
1058 3013 1087 3072 9,
1105 3011 1155 3064 59.

113 3102 197 3136 cassan
216 3085 327 3145 eadere,
354 3086 474 3154 perdere
496 3085 582 3142 litem.
612 3087 691 3140 Orat.
706 3087 722 3136 1
739 3087 779 3137 56
796 3094 881 3138 extu:
913 3085 995 3136 Alter
1012 3084 1075 3153 plus
1098 3082 1156 3152 lepe

67 3154 163 3220 spendo
183 3157 311 3227 petebat,
324 3173 416 3223 ,quarn
441 3164 566 3222 quantum
585 3157 630 3206 lex
656 3159 684 3206 in
703 3156 1066 3224 X11tubuliapermiserat3
1085 3151 1156 3220 quod
1175 3207 1180 3214 ,
1222 3197 1227 3218 ,

67 3237 119 3272 esua
135 3226 319 3296 impetrasset,
348 3243 430 3276 eausa
447 3225 570 3276 caderete
597 3227 667 3277 atter
689 3227 806 3293 iniquum
823 3228 957 3296 patabat,
983 3226 1046 3296 plus
1070 3241 1157 3274 seeum

66 3292 125 3409 slipi,
144 3313 224 3417 qudam
239 3295 382 3382 quoderat
395 3296 554 3417 rprpctiorm
580 3299 861 3436 ngqleeliteiiiq'ebgll
877 3299 902 3418 ali
916 3299 957 3419 ga
969 3303 1037 3418 appot
1043 3301 1172 3420 Simus

78 3379 137 3413 sem
154 3385 171 3416 a
191 3385 339 3418 versarium
372 3383 525 3418 errarunt.
552 3384 578 3420 r.
612 3404 619 3417 .
698 3405 704 3419 .
753 3387 793 3420 or.
833 3385 868 3418 a.
946 3405 955 3428 ‚
1015 3404 1022 3417 .
1068 3383 1103 3417 ro.
1121 3383 1136 3414 a

67 3428 138 3483 Fani.
157 3437 219 3487 vll
240 3435 292 3488 14ι
332 3385 434 3499 leodsi
453 3437 568 3488 seribere
583 3439 681 3490 ctltna
696 3457 738 3498 cs,
767 3441 850 3489 ruinas
865 3439 941 3488 multi
952 3437 1012 3507 jam
1034 3443 1060 3486 te
1075 3433 1155 3485 advo·

66 3509 124 3554 cato
139 3523 221 3558 causa
234 3506 336 3559 cadent.
362 3508 542 3560 Transfertur
560 3509 595 3560 ad
613 3509 668 3560 alia
684 3528 800 3578 quoque,
819 3516 851 3560 nt
865 3509 987 3561 deFinn.
1001 3507 1018 3557 I
1034 3506 1082 3564 17,
1100 3502 1155 3556 ὅδε
1180 3517 1182 3521 ’

70 3568 196 3638 Concedo,
215 3577 312 3648 eadere
323 3596 413 3637 eausa,
432 3578 518 3646 siqui
535 3597 549 3629 e
565 3581 662 3630 nostris
681 3581 763 3630 aliter
777 3581 937 3631 existimant.
966 3577 1051 3647 Quod
1067 3575 1154 3628 Goer.

68 3642 101 3690 ad
118 3645 136 3697 l.
156 3665 180 3700 c.
199 3648 331 3709 adnotat,
351 3649 431 3700 etiam
450 3666 512 3701 suos
532 3651 612 3702 codd.
631 3650 722 3702 cedere
738 3669 834 3702 causae
850 3667 984 3720 peceare,
1011 3653 1042 3699 ut
1057 3645 1108 3696 lrac
1126 3645 1155 3696 in

66 3710 151 3766 forma
170 3719 287 3770 omniunt
304 3719 406 3788 ubique
424 3718 483 3771 lere
498 3737 604 3773 omnes=
628 3721 657 3770 id
674 3739 725 3789 ego
743 3723 772 3772 in
786 3720 855 3774 Bar.
871 3728 900 3773 et
917 3720 990 3771 011.
1007 3717 1107 3770 inveni.
1121 3741 1153 3756 -

67 3779 168 3838 Vocem
189 3789 305 3848 munias,
338 3790 367 3840 in
383 3789 454 3842 Ver.
473 3789 552 3844 1499
569 3791 677 3861 punctis
695 3810 712 3843 a
728 3793 836 3844 Victor.
858 3798 997 3849 notatam,
1025 3789 1154 3857 ignorant

68 3867 155 3908 omnes
173 3859 255 3910 Parra
272 3860 358 3913 Bavr.
373 3859 443 3912 0¹1.
461 3861 560 3913 Franc.
577 3861 666 3914 Venn.
688 3861 774 3914 1479.
792 3860 841 3914 90.
859 3862 906 3914 85.
943 3859 1013 3910 Eam
1036 3865 1153 3928 propter

69 3922 218 3994 elegantem
231 3931 346 3981 ironiam
364 3931 533 3983 retinendam
549 3925 660 3985 o'ensent
674 3931 750 3984 Corn.
768 3930 875 3984 ctGar.
891 3948 1026 4001 comparr.
1039 3949 1067 3999 p.
1082 3927 1154 3980 Coc·

68 3990 105 4044 lio
122 3996 150 4049 ll.
170 3999 250 4053 Orat.
268 4000 302 4053 11
321 4001 370 4052 97.
761 3999 764 4006 ’

90 4066 1152 4150 549Μωὶωψωὴὴ1549ὦᾼεῶηωω,

69 4145 97 4181 Η
113 4153 176 4190 non
192 4141 371 4194 lababunt
388 4141 617 4201 aduocatum,
647 4158 706 4214 epo
724 4141 823 4194 dabo.
857 4140 913 4192 Nee
934 4139 1075 4193 retumbis
1093 4153 1151 4204 per-

69 4207 137 4286 ³9⁶⁸
157 4210 225 4264 bane
240 4212 429 4264 humanitatem
439 4220 551 4282 praetor
569 4214 637 4264 rotet
655 4213 792 4271 extitere,
816 4226 905 4263 aarum
923 4219 950 4262 et
964 4214 989 4262 si
1004 4211 1064 4277 quis
1079 4208 1153 4257 alius

69 4281 116 4333 ¹⁸¹·
138 4282 183 4346 qui
199 4285 279 4336 certis
293 4303 328 4335 ex
342 4285 448 4341 eaasis,
465 4283 508 4334 uel
523 4283 664 4336 ambitione
681 4283 850 4343 aduersarii,
868 4283 911 4336 uel
927 4289 997 4334 saeta
1010 4288 1151 4352 panoniam
1189 4340 1192 4343 ·

71 4358 118 4398 non
133 4351 239 4416 inuenit.
275 4371 301 4410 vr
319 4355 356 4409 fr.
373 4352 401 4410 9.
420 4355 443 4424 5.
462 4352 492 4407 li.
509 4351 543 4408 Il.
565 4353 598 4415 1,
620 4351 665 4408 16.
