2854 5024
331 377 413 435 eno
432 379 521 438 sux.
538 377 694 438 sosoro
711 376 908 436 sammso.
1146 381 1174 457 7
1217 373 1235 390 ¹*
1279 379 1281 386 ⁴

18 597 29 634 ,.
70 551 109 614 ad
129 549 214 610 lianc
236 569 327 611 suem
346 547 523 630 praedam,
545 555 611 610 tam
632 545 801 621 nefariam,
823 545 990 608 adiutores
1011 563 1070 609 vos
1091 563 1166 628 pro·

69 633 231 700 fitcamini.
274 631 311 692 si
342 631 435 693 robis
465 654 568 716 aequa
597 639 630 692 et
659 630 798 690 honesta
818 629 999 712 postulatio
1021 630 1211 708 videtum?

19 771 30 792 ,.
68 717 213 780 iudices:
238 737 297 798 ego
322 722 436 776 eontra
457 715 588 777 brevem
609 711 864 796 postulationem
886 713 997 787 affero,
1020 723 1054 776 ct
1076 715 1172 800 (quo-

20 793 30 804 Γ
68 802 159 864 modo
181 800 261 860 milri
282 798 488 882 persuadeo)
523 793 689 882 aliquanto
713 798 933 880 aequiorem.=
1085 791 1090 802 Γ

18 881 46 975 ,Γ
128 884 290 946 cinlll.
322 882 729 966 PrimumaGhrysogono
747 890 838 962 peto,
861 880 1174 960 utpecuniafortu-
1202 929 1207 938 .

21 1013 32 1056 ,,
69 968 181 1052 uisque
205 968 327 1028 nostris
351 973 525 1026 contentus
549 966 605 1038 sit,
628 964 984 1046 sanguinemetvitam
999 987 1039 1024 ne
1059 971 1173 1046 petat:
1204 1023 1208 1038 ,

21 1047 32 1142 ,Γ
72 1051 185 1110 deinde
201 1073 219 1112 a
234 1050 340 1123 robis,
356 1048 497 1123 iudices,
513 1057 550 1110 ut
566 1048 736 1109 audacium
750 1048 869 1109 sceleri
884 1049 1062 1122 resistatiS,
1080 1049 1173 1108 inno·

20 1191 33 1214 Γ,
72 1135 208 1194 centium
232 1132 446 1194 calamitatem
468 1133 600 1205 levetis,
624 1139 656 1192 et
675 1132 710 1192 in
729 1127 826 1193 eausa
844 1131 919 1192 Sex.
937 1131 1065 1206 Roscii,
1087 1130 1173 1212 peri-

18 1202 34 1294 Γ,
72 1218 184 1290 culum,
208 1215 296 1299 quod
312 1217 347 1275 in
370 1237 479 1277 omnes
503 1215 698 1288 intenditur,
720 1215 933 1298 propulseti's.
968 1215 1098 1292 Quodsi
1116 1223 1214 1282 auiti

18 1299 33 1398 Γ,
73 1323 163 1361 eausa
180 1299 338 1372 criminis,
358 1307 413 1359 aut
431 1299 511 1359 faeti
528 1300 685 1380 suspicio,
706 1305 761 1361 aut
775 1298 943 1383 quaelibet
960 1297 1101 1382 denique
1119 1297 1174 1361 vel

24 1383 34 1478 Γ
74 1385 195 1444 minima
211 1405 264 1444 res
289 1383 493 1464 reperietur,
523 1383 727 1466 quamobrem
755 1383 929 1444 videantur
950 1381 1002 1443 illi
1023 1382 1175 1444 nonnihil

21 1453 29 1546 Γ,
76 1467 225 1526 tamenin
244 1466 422 1527 deferendo
439 1466 568 1526 nomine
585 1466 702 1540 secuti,
725 1475 890 1546 postremo
910 1466 938 1526 si
955 1459 1174 1548 praeteream

18 1549 33 1650 ΓΓ
74 1550 240 1630 praedam,
264 1573 359 1634 quam
381 1550 469 1622 dixi,
493 1548 679 1632 quidquam
702 1549 792 1610 alirsd
816 1571 932 1612 causac
955 1549 1172 1624 inveneritisq
1273 1581 1276 1588 =

20 1655 33 1735 Γ
77 1655 137 1693 non
165 1653 373 1706 recusamus,
409 1633 489 1716 quin
518 1632 650 1693 illorum
682 1633 817 1724 libidini
847 1633 922 1694 Sex.
957 1634 1073 1695 Roscii
1105 1634 1174 1696 vita

18 1785 32 1820 ΓΓΓ
78 1840 113 1888 Γ-
127 1822 241 1884 posequi,
268 1815 341 1883 quod
368 1817 457 1867 oratio
486 1817 522 1867 sit
549 1789 671 1883 obliqua.
706 1816 748 1866 At
764 1815 833 1867 haee
853 1834 868 1866 e
888 1814 1035 1868 Ciceronis
1054 1834 1174 1885 persone
1222 1849 1228 1858 ·

28 1867 36 1934 Γ,
81 1884 169 1944 diota,
202 1891 229 1936 et
254 1887 427 1956 reciprocum
453 1904 506 1956 pro
535 1886 750 1938 demonstrativo
777 1887 939 1956 pronomine
971 1889 1091 1956 positum
1122 1895 1173 1940 est.

18 1938 36 1990 li
83 1952 153 2004 Fam.
171 1955 217 2004 lx.
238 1955 292 2007 Ili:
339 1955 452 2007 Gratias
482 1958 546 2008 milti
575 1966 675 2028 afflant,
710 1957 785 2026 quod
807 1975 835 2006 se
851 1975 919 2006 mea
944 1961 1078 2008 sententia
1097 1976 1173 2030 reqes

18 2069 37 2084 ,
86 2025 263 2094 appellaverim.
308 2027 364 2078 Ma.
384 2029 460 2082 citat.
481 2029 566 2080 Verr.
585 2028 639 2079 IV.
659 2026 708 2079 59.
730 2027 766 2078 V.
785 2025 835 2080 49.
856 2028 890 2080 de
909 2028 1002 2078 Ilirin.
1023 2030 1047 2079 Ι.
1069 2028 1118 2080 54.

74 2123 75 2128 =
131 2097 182 2148 111.
212 2099 236 2166 5.
255 2095 284 2150 8.
322 2115 405 2149 causa
422 2101 550 2151 criminis.
589 2099 702 2151 Crimen
720 2097 746 2149 lr.
767 2098 785 2148 l.
813 2105 842 2151 et
862 2099 890 2150 in
908 2099 1002 2149 ¹multis
1022 2101 1098 2150 valet
1118 2100 1170 2151 eri-

80 2166 191 2228 nu'aatio,
219 2186 257 2220 sc.
283 2169 361 2236 inS.
382 2170 512 2222 Roscium
529 2171 627 2222 lilium.
663 2170 748 2220 Verr.
768 2168 866 2221 1142
912 2169 1056 2220 Postulata
1078 2161 1171 2221 ebussa-

77 2236 155 2296 libm,
172 2258 239 2307 quae
258 2258 311 2289 non
324 2241 484 2310 postulata,
502 2241 550 2292 sed
569 2244 597 2293 in
615 2244 694 2292 istum
713 2242 826 2291 erimina
843 2239 999 2294 viderentur
1017 2259 1087 2298 esse,
1116 2241 1171 2291 edi·

1076 1747 1177 1762 -ι--ἠ

75 2305 167 2360 dement.
201 2331 231 2380 p.
259 2312 350 2361 Sulla‘
369 2310 426 2362 24:
463 2313 556 2380 Neque
580 2311 730 2382 facinorum
756 2318 890 2361 tantorum
919 2340 951 2352 —
983 2313 1081 2362 crimen
1107 2311 1171 2361 Sul·
1248 2331 1254 2336 ’
1295 2355 1298 2368 ,

18 2371 36 2450 ¹²¹⁹.
73 2377 112 2461 lae
124 2397 237 2448 persona
255 2384 375 2452 suscipit.
395 2400 420 2435 v.
440 2401 463 2434 e.
483 2384 522 2436 15
540 2383 626 2436 etse.
647 2383 705 2435 Sal.
717 2380 752 2444 C,
764 2381 813 2433 54.
832 2382 920 2434 Errat
936 2383 1178 2450 igitur-Manutius

21 2460 35 2516 Τ
74 2455 304 2520 interpretandos
317 2471 414 2514 eausa,
435 2471 485 2505 cur
497 2462 611 2525 ‚patrem
631 2455 666 2507 lt.
684 2471 786 2506 necare
805 2453 942 2506 debuerit.

18 2519 34 2555 ‘i'
117 2524 238 2574 nonnihil
263 2527 365 2582 secuti,
392 2527 526 2577 nonnulla
545 2527 650 2578 indicia
669 2533 753 2593 atque
773 2524 892 2592 vestigia
916 2523 1040 2576 sceleris.
1083 2523 1169 2574 Verr.

70 2590 102 2641 V.
128 2591 181 2644 69ι
222 2592 306 2664 Cujus
333 2597 373 2645 rei
400 2614 483 2663 neque
511 2597 609 2656 index,
643 2614 725 2663 neque
752 2596 893 2664 uestiqium
919 2595 1050 2662 aliquod,
1086 2611 1171 2660 neque

18 2664 30 2695 i
68 2665 174 2730 suspicio
194 2667 320 2733 cuiquam
345 2674 414 2716 esset
430 2667 497 2719 ulla.
535 2668 684 2736 Sequivest
702 2667 838 2717 rationem
858 2667 975 2737 alicujus
995 2667 1037 2717 rei
1055 2664 1168 2720 babere.

18 2731 34 2765 ⁶⁹
69 2734 125 2784 Ast.
150 2735 241 2787 VIII.
272 2735 327 2787 II:
363 2737 428 2788 *Nee
453 2740 478 2788 si
506 2757 569 2797 eo,
597 2738 662 2804 quid
686 2745 715 2786 tu
739 2738 777 2787 sis
796 2745 917 2796 secutus,
945 2755 998 2788 non
1013 2738 1168 2807 perspicio,

18 2789 33 2838 i*
69 2803 159 2855 idcirco
178 2810 266 2858 minsas
284 2809 423 2867 existimo,
443 2816 469 2858 te
488 2757 558 2860 nibil
576 2810 629 2860 nisi
647 2825 747 2858 summa
766 2810 871 2858 ratione
887 2807 993 2877 lesisse.
1026 2825 1064 2862 Ὗ.
1085 2807 1191 2859 0rat.-
1219 2807 1220 2810 Γ

67 2873 104 2924 II.
122 2877 144 2943 5.
162 2877 235 2930 904.
254 2878 333 2928 Finn.
353 2878 394 2930 ΙΙ.
415 2879 463 2930 94.
487 2880 543 2930 0ff.
563 2881 587 2930 Ι.
609 2879 655 2930 II.
675 2879 749 2928 infra
766 2880 792 2947 55
810 2877 858 2930 54.

19 2950 25 2980 ²*
77 3001 80 3012 Γ
113 2946 255 3018 deserendo
282 2951 394 3000 nemisse.
437 2950 562 3002 Nominis
590 2951 757 3004 delationem
784 2968 844 3001 curn
871 2946 1059 3020 postulatione
1085 2953 1168 3014 atquo

19 3017 28 3078 t
68 3021 248 3072 accusatione>
271 3021 332 3089 ipsa
366 3021 498 3083 differre,
532 3022 701 3090 intelligitur
729 3038 762 3074 ex
789 3021 865 3072 Fam.
895 3017 981 3070 VIII.
1009 3018 1045 3070 6:
1091 3015 1193 3088 neers

20 3091 26 3121 t
65 3091 266 3154 postulationem
299 3100 327 3141 et
362 3094 474 3144 nominis
507 3092 667 3144 delatiormu
701 3109 773 3143 uxor
808 3111 825 3142 a
860 3087 1007 3142 Dolabella
1034 3089 1166 3140 discessit.

24 3153 31 3186 Γ
67 3175 89 3224 p.
116 3161 192 3213 domo
222 3162 281 3224 19=
317 3160 373 3212 Ille
400 3165 517 3214 novitius
544 3163 632 3234 Liqur
659 3192 691 3202 -
719 3181 812 3213 nomen
837 3161 866 3214 S.
886 3161 1025 3230 Propertii
1048 3159 1166 3220 detulit3
1187 3177 1188 3182 ¹

28 3296 30 3302 Γ
68 3246 183 3282 accusare
195 3233 305 3284 alienae
318 3235 509 3288 dominationis
522 3235 682 3301 scelerisque
691 3236 777 3285 socios
788 3241 900 3303 propter
909 3234 1059 3283 calumniae
1072 3237 1167 3281 rosetum

18 3306 30 3376 tf
66 3303 112 3349 non
128 3309 167 3352 est
183 3323 278 3354 ausus.
324 3304 382 3373 Qui
402 3307 521 3374 aliquem
540 3323 622 3366 reum,
632 3307 726 3358 facere
742 3305 875 3364 volebat,
897 3305 932 3354 ad
945 3303 1071 3355 tribunal
1085 3319 1166 3371 prae-

68 3373 128 3422 toris
148 3377 284 3428 accedens
303 3377 382 3445 prius
400 3377 590 3445 postulabat,
606 3382 637 3428 ut
656 3377 709 3428 sibi
729 3379 787 3447 ejus
806 3389 903 3426 nomen
923 3375 1036 3427 deferre
1056 3374 1166 3442 liceret.

18 3441 28 3476 ¹*
68 3438 165 3494 Deinde
192 3448 242 3497 die
271 3448 420 3498 constituta
444 3440 555 3516 delatio¹
575 3448 690 3498 nominis
716 3455 793 3499 certa
812 3447 932 3497 formula
957 3447 1030 3515 apud
1053 3450 1165 3513 praeto-

18 3517 22 3544 ¹
67 3528 118 3562 rem
128 3513 232 3586 fiebat,
244 3533 271 3568 v.
285 3534 307 3568 c.
326 3515 383 3588 Ajo
398 3524 427 3570 te
447 3518 549 3570 siculos
564 3517 715 3586 spoliasse,
735 3519 759 3570 si
777 3519 920 3577 tacuisset,
941 3517 975 3566 lis
995 3519 1021 3568 ei
1040 3515 1165 3566 aestima-

22 3655 23 3660 Γ
67 3579 157 3646 batur,
174 3594 207 3639 ut
224 3585 321 3650 sicto;
349 3590 372 3639 si
390 3596 535 3658 negasset,
561 3589 710 3658 petebatur
729 3609 745 3640 a
762 3590 928 3657 magistratu
947 3589 1005 3638 dies
1023 3587 1164 3654 inqu-iren-⁴

21 3729 24 3746 Γ
69 3651 429 3779 iimrijmne‘iminum’
466 3666 494 3712 et
521 3660 718 3719 instituebatur
743 3661 892 3714 accusatio.
928 3674 953 3710 v.
973 3659 1047 3740 infra
1070 3655 1094 3726 5.
1114 3655 1163 3708 98.

19 3745 21 3755 ¹
94 3741 140 3776 err.
187 3747 224 3780 ιν.
269 3768 275 3779 .

18 3873 24 3898 .
72 3799 959 3941 attt‘tttt.5²'t.ttt“t..tttt.l⁰titt..ttttttt
973 3798 1165 3938 iiiiii

22 4001 25 4010 Γ
70 3937 208 4006 scriptores
235 3959 291 3994 non
312 3948 368 3994 cst.
405 3943 480 3994 Hinc
499 3943 591 3994 Plaut.
613 3942 724 3994 (listell.
743 3944 768 3993 I.
790 3941 823 4002 I,
842 3939 898 3993 68:
936 3941 992 3991 Nec
1021 3937 1163 4008 quisq'uam

18 4007 21 4092 Γ
68 4004 117 4056 alia
139 4012 243 4062 ruulier.
281 4013 347 4065 Ter.
374 4013 445 4065 Eun.
473 4014 527 4064 IV.
548 4015 584 4073 7,
605 4013 662 4066 50.
698 4014 731 4072 Si
745 4013 889 4082 quidquam
905 4011 984 4064 bodie
1004 4011 1047 4062 bie
1066 4013 1162 4062 turbae

66 4093 105 4126 coe
121 4082 179 4132 cris.
755 4089 759 4093 '

18 4151 23 4219 Τ
66 4164 77 4228 *Γ
102 4097 235 4210 illiniat,
271 4155 289 4204 i.
318 4173 341 4204 e.
369 4154 504 4215 arbitrio,
540 4155 711 4207 crudelitati.
756 4145 847 4205 vem.
868 4154 906 4204 A.
937 4152 992 4204 102
1030 4151 1160 4222 Maqnam

60 4217 149 4283 Jutiett
174 4227 398 4294 exspectationem
422 4225 459 4275 ad
484 4232 603 4276 nostrum
630 4227 772 4276 arbitrium
799 4223 988 4292 libidinemque
1015 4223 1158 4274 cludemus.
1184 4235 1186 4241 ‘

66 4301 89 4352 p-
112 4290 204 4358 Quint.
232 4294 289 4348 18=
325 4295 484 4365 Infiriorcm
509 4315 538 4347 se
565 4315 620 4348 esse
635 4299 759 4367 patitur,
787 4295 930 4346 dumtaxat
947 4311 1030 4361 usquc
1048 4311 1098 4352 eo,
1125 4310 1158 4343 ne
1239 4347 1241 4350 ,
1321 4309 1326 4314 ’
1375 4281 1376 4289 Γ

18 4365 20 4378 Γ
66 4373 118 4440 ²3²¹*
134 4363 225 4424 imnis,
243 4363 334 4434 fama,
351 4365 522 4434 {betunisque
541 4370 660 4419 erunibus
681 4367 710 4418 S.
730 4367 829 4418 Naeuii
848 4367 992 4436 cupiditati
1012 4364 1156 4416 cnldelita·

67 4432 132 4496 teque
157 4434 280 4488 dedatur.
325 4438 374 4492 Sic
402 4439 505 4490 dedere
533 4440 560 4490 in
586 4441 756 4522 cruciatum,
793 4439 829 4490 ad
856 4433 1039 4508 supplicium,
1074 4436 1155 4533 neci,
