2802 5028
321 365 416 424 ΡΜ
452 367 578 425 LEGE
594 423 598 445 1
613 367 834 426 tinnula.
1050 367 1132 448 {25
1234 421 1236 426 ,

60 559 115 598 non
133 536 250 612 dicam,
278 537 344 598 dno
364 525 454 597 balla
474 535 631 610 maxima,
661 535 820 596 Punicum
842 544 876 596 ct
897 533 1133 617 Hispaniense,
1175 541 1179 556 ’

60 624 93 680 ab
112 631 170 681 un'o
189 621 380 702 imperatore
403 641 477 680 esse
500 620 669 680 confecta:
702 621 781 679 duas
812 620 910 679 urbes
967 621 1152 680 otentissi-·

59 727 133 776 mas,
162 727 240 785 quae
261 704 337 764 huie
360 704 496 783 imperio
518 704 655 764 maxime
675 702 910 763 minitabantur
927 641 973 785 ¹5,
995 703 1134 764 Cartha-

60 788 149 866 ginem
164 795 260 868 atque
283 785 499 858 Numantiam,
522 787 561 846 ab
584 787 697 847 codem
714 786 869 866 Scipione
892 807 964 846 esse
987 785 1133 845 deletas:

58 891 114 930 non
141 870 407 943 commemorabo,
439 889 543 949 nuper
572 869 620 929 ita
652 868 743 929 vobis
771 869 986 954 patribusque
1014 869 1133 930 vestris

59 975 121 1013 esse
139 953 259 1027 visum,
297 961 333 1013 ut
361 953 396 1012 in
420 971 485 1013 nno
507 953 546 1012 (l.
568 948 676 1012 Mario
698 973 773 1033 spes
795 952 924 1034 imperii
944 960 1134 1032 poneretur,

59 1037 190 1102 itidem
222 1057 293 1096 eum
320 1035 498 1116 Iugurtha,
527 1035 616 1096 idem
646 1057 718 1095 eum
750 1034 913 1109 Cimbris,
945 1035 1031 1095 idem
1064 1057 1134 1096 enm

59 1119 223 1180 Thentonis
245 1119 366 1179 bellum
389 1118 651 1180 administraret:
673 1118 802 1199 inipso
825 1117 886 1178 Cn.
910 1117 1078 1200 Pompeio,
1100 1115 1183 1178 iniit

61 1225 112 1284 quo
140 1204 211 1264 novi
242 1203 400 1263 constitui
429 1201 514 1260 nihil
543 1200 612 1262 vult
643 1203 684 1278 Q.
713 1200 877 1275 Catulus,
911 1223 1005 1284 quam
1034 1201 1137 1263 multa

60 1284 114 1344 sint
142 1307 220 1348 nova
250 1307 370 1348 summa
390 1286 432 1361 Q.
455 1284 568 1346 netuli
598 1282 766 1346 voluntate
790 1285 993 1362 constituta,
1027 1307 1137 1346 reeor-

61 1367 173 1428 damini.

113 1452 183 1513 Ger.
204 1450 301 1514 XXI.
345 1451 433 1530 Quid
448 1451 477 1534 ²)
499 1459 563 1512 tam
579 1471 708 1525 novum,
731 1473 825 1532 quam
843 1448 1137 1523 adolescentulum,

59 1532 210 1612 privatum,
232 1535 412 1596 exereitum
431 1535 555 1606 difficili
569 1535 769 1616 reipublicae
786 1542 932 1615 tempore
951 1534 1138 1596 conficeret

63 1619 194 1679 coniecit.
215 1619 295 1680 huie
317 1620 496 1700 praeesse?
526 1619 678 1700 praefuit.
711 1639 779 1678 rem
809 1619 930 1699 optime
954 1619 1056 1679 ductu
1079 1638 1137 1677 suo

63 1702 182 1775 gerere?
212 1703 328 1783 gessit.
371 1703 461 1778 Quid
481 1711 545 1763 tam
566 1710 697 1783 praeter
718 1702 1011 1775 consuetudinem,
1045 1721 1141 1785 quam
1217 1731 1221 1741 ι

63 1781 163 1845 homini
174 1786 456 1867 per-adolescenti,
480 1787 570 1846 cuius
582 1789 605 1843 'a
622 1784 787 1844 senatorio
805 1785 907 1864 gradu
929 1793 1018 1844 aetas
1041 1783 1140 1864 longe

64 1865 188 1942 abesset,
221 1868 396 1950 imperium
427 1877 459 1929 at
483 1889 523 1946 ue
554 1867 731 1927 exercitum
763 1866 859 1927 dari?
900 1868 1046 1928 Siciliam
1066 1889 1141 1949 per-

65 1949 130 2009 nini
161 1961 263 2036 atque
294 1952 438 2012 Africam
462 1892 656 2049 (irellumcpue
688 1951 723 2010 in
754 1971 790 2010 ea
825 1949 1142 2012 administrandum?

69 2029 116 2093 luit
130 2034 158 2094 in
178 2036 236 2097 lis
259 2035 436 2116 provinciis
461 2035 618 2117 singulari
637 2033 845 2108 innocentia,
876 2034 1057 2114 gravitate,
1079 2033 1144 2094 vir·-

107 2239 131 2310 i)
146 2243 332 2296 minabantur.
370 2243 401 2312 2)
421 2243 498 2314 Quid
516 2245 588 2298 enim
604 2251 669 2300 tan.

65 2359 431 2391 ¹¹——t———1--an—-3'

104 2435 244 2488 abeodem
263 2435 397 2506 Scipione.
433 2438 539 2491 Vocem
561 2437 704 2510 Scipione,
734 2455 802 2508 quac
825 2437 977 2491 adventitia
1000 2443 1029 2490 et
1055 2435 1146 2490 aliena

61 2503 155 2556 ridetur
175 2507 332 2566 Lambino,
361 2525 421 2560 cum
444 2526 528 2578 snpra
551 2510 668 2562 dixerit:
696 2509 729 2559 ab
751 2527 802 2560 uno
819 2510 995 2580 imperatore,
1025 2509 1147 2560 retinent

61 2577 228 2629 omneiParr.
249 2578 406 2634 Bavv.Erf.
422 2587 487 2633 cett.
503 2579 562 2632 cunr
578 2581 639 2635 edd.
655 2581 735 2633 llom.
747 2581 836 2632 Venn.
874 2579 935 2632 Cic.
954 2582 988 2632 de
1004 2581 1094 2631 Amic.
1111 2578 1146 2629 ὅτ

58 2643 86 2694 Ρ.
102 2646 187 2716 Scipio
203 2647 390 2718 [Aemilianus
408 2651 513 2718 Minor]
531 2651 697 2702 consularium
710 2653 809 2720 petivit
828 2669 982 2717 numquam,
1000 2649 1089 2718 facitu
1107 2656 1148 2700 cst
1236 2701 1240 2713 ⁸

59 2719 139 2768 consul
156 2721 213 2779 tis,
241 2722 355 2788 primum
370 2731 432 2771 ante
449 2729 566 2790 tempure
590 2724 684 2772 iterum
702 2721 756 2772 sibi
769 2740 817 2772 suo
834 2730 964 2790 tempore,
983 2722 1148 2790 reipublicae

54 2804 217 2854 paenescr03
244 2818 274 2830 -
294 2789 397 2841 duabus
415 2793 524 2843 urbibus
542 2795 655 2852 euersis,
675 2791 863 2844 inimicissimis
877 2793 940 2842 hnic
956 2793 1075 2862 imperio,
1095 2807 1149 2840 ιιοα

58 2859 123 2909 modo
137 2861 304 2928 praesentia,
323 2879 412 2911 uerum
428 2865 506 2914 etiam
513 2862 608 2931 futuru
625 2863 697 2913 laclia
712 2863 819 2914 delevit.
838 2881 863 2916 v.
873 2863 933 2914 Liv.
945 2863 1012 2932 epit·
1022 2859 1148 2914 iio—52.

59 2925 172 2982 iti-60.
211 2932 275 2983 Cic.
292 2931 364 2982 Phil.
380 2933 425 2982 xl
439 2931 485 2984 7st
503 2935 538 2984 In
562 2936 685 3004 proxime
710 2935 881 2986 antecedent.
903 2932 1019 3004 reposui
1042 2933 1148 2982 minita-

58 2999 147 3051 bantur
163 3021 198 3054 ex
212 3003 279 3052 Eri.
294 3002 374 3055 Patr.
391 3003 420 3054 2.
438 3004 465 3054 5.
481 3002 509 3054 o.
527 3005 587 3056 Em.
603 3023 625 3056 a.
646 3005 673 3056 b.
693 3003 766 3057 0⁷1.
787 3007 829 3057 ed.
848 3005 980 3056 Romana.

104 3072 131 3120 in
143 3090 194 3123 ιιιιο
216 3071 250 3123 C.
264 3073 364 3123 Mario.
408 3073 525 3126 Catulus
543 3077 571 3125 in
587 3075 732 3146 rogatione
750 3075 886 3134 Gabinia,
918 3081 990 3136 teste
1007 3073 1097 3124 Dione
1110 3070 1148 3123 C.

60 3139 181 3192 xxxvl
200 3145 382 3196 indixeram
419 3145 492 3212 Ἐγὼ
518 3147 621 3203 τοίνυν
645 3151 832 3220 πρῶτονμὲν
855 3144 1054 3216 καὶμᾶλιστά
1074 3153 1151 3214 φημι

59 3207 115 3266 δεῖν
130 3213 237 3286 undant
253 3215 334 3289 ἀνδρὶ
351 3219 597 3282 conuocaretur&
613 3223 649 3275 τὸ
669 3213 731 3287 ἑξῆς
751 3218 844 3290 ἀρχὰς
858 3218 1029 3290 ἐπιτρέπειν·
1056 3221 1151 3270 τοῦτο

60 3283 106 3355 γὰρ
125 3289 177 3338 καὶ
200 3288 231 3340 ἐν
248 3295 312 3352 τοῖς
327 3286 661 3360 reponderationem,
688 3289 740 3342 καὶ
762 3291 801 3360 τῇ
817 3288 899 3360 πιίρσρ
920 3284 1152 3358 σφαλερώτατον

59 3349 90 3406 ὄν
103 3357 285 3427 πεφώραται.
305 3354 373 3411 οὔτε
390 3359 443 3432 γὰρ
458 3363 512 3412 τὸν
524 3358 643 3432 Μάριον
660 3355 739 3414 ἀλλο
755 3377 803 3429 τι,
824 3361 861 3423 ὡς
878 3363 988 3429 εἰπεῖν,
1007 3357 1152 3410 τοιοῦτον

60 3424 207 3493 ἐποίησιν,
234 3423 252 3490 ἦ
274 3420 322 3480 ὅτι
343 3429 506 3492 τοσούτους
522 3445 553 3482 το
571 3431 600 3484 ἐν
616 3425 753 3500 ὀλιγίστῳ
769 3427 871 3502 χρόνῳ
881 3425 1028 3497 πολέμους
1046 3427 1150 3492 inexac-

60 3492 139 3564 ρι’σθπ
170 3499 225 3549 καὶ
238 3494 351 3562 ὕπατος
369 3494 464 3566 ἑξάκις
481 3499 511 3550 ἐν
527 3497 706 3574 βραχυτάτῳ
724 3499 852 3564 ἐγένετο·
871 3495 940 3552 οὔτε
957 3502 1012 3552 ’τὸν
1027 3490 1151 3550 Σύλλαν

59 3535 165 3621 παλ.
201 3582 228 3616 v.
242 3564 302 3617 Liv.
322 3567 388 3635 epit.
405 3564 445 3616 6⁷
459 3584 535 3634 seqq.
571 3569 649 3619 Flor.
665 3565 716 3616 111
732 3565 759 3617 ὅ.
1218 3573 1220 3580 ’
1281 3567 1285 3575 ’

107 3651 208 3686 rucuma
229 3635 262 3698 Q.
283 3634 383 3688 Camil.
420 3637 470 3688 Sic
488 3637 550 3690 Eri.
572 3638 756 3710 provulgata
774 3643 839 3688 cett.
863 3635 944 3706 codd.
960 3641 989 3686 et
1005 3633 1067 3686 edd.
1084 3638 1151 3686 vett.

60 3699 191 3756 lectionea
211 3722 360 3774 cumamque
376 3705 477 3758 Cuncti.
748 3710 750 3714 ’

109 3776 194 3827 xxl.
215 3778 238 3845 ᾖ.
258 3775 306 3828 (il.
335 3778 409 3841 Quid
426 3785 481 3828 tum
497 3795 600 3829 nonum.
626 3777 726 3830 Deleri
742 3777 907 3846 particulam
921 3777 989 3826 enim
1006 3793 1065 3826 cnm
1084 3781 1153 3825 omn.

61 3839 138 3896 Parr.
160 3848 251 3899 Bari.
272 3847 333 3898 Erf.
354 3847 428 3900 09¹.
454 3849 515 3900 edd.
530 3850 610 3902 llum.
628 3849 716 3900 Venn.
732 3848 779 3900 Ju.
798 3878 829 3888 -
847 3846 973 3918 corrficere
990 3845 1016 3896 h.
1032 3847 1051 3898 l.
1071 3844 1143 3912 signi

60 3913 123 3967 licat
138 3925 251 3985 parate.
288 3917 358 3970 Phil.
375 3919 403 3968 V
421 3917 474 3970 162
513 3917 650 3971 fidelius
662 3920 740 3988 prius
757 3917 871 3988 conticit
888 3920 1049 3976 exereitum,
1076 3933 1172 3988 prinmo

61 3987 202 4052 quoquam
219 3988 267 4039 lace
286 4007 342 4040 eum
359 3991 478 4060 capitano
493 3989 682 4062 suspicaretur.

112 4075 129 4105 α
145 4059 292 4111 siccatorio.
329 4059 419 4130 Quum
442 4061 470 4110 in
491 4059 663 4112 senatoribus
680 4060 805 4127 legendis
822 4065 935 4129 praeter
950 4075 1059 4110 censum
1074 4055 1155 4106 ctiam

61 4129 240 4194 magistratus
255 4135 347 4197 gennas
362 4147 473 4182 necesse
491 4138 578 4191 esset,
608 4139 636 4183 et
651 4130 753 4183 Cicero
770 4132 959 4200 quaesturam,
988 4129 1034 4196 qui
1051 4128 1154 4196 primus

63 4200 166 4262 gradus
192 4199 304 4254 honoris
330 4209 405 4260 erat,
442 4203 581 4254 tricesimo
600 4203 688 4272 primo
712 4201 810 4254 aetatis
834 4207 862 4252 et
885 4202 995 4269 quidem
1013 4216 1061 4253 suo
1087 4212 1156 4246 anno

64 4269 181 4338 adeptus
204 4272 253 4322 site
282 4289 364 4323 annus
390 4273 544 4324 tricesimus
567 4273 701 4324 secundus
726 4279 801 4326 actas
824 4273 963 4323 senatoria
984 4276 1156 4339 ‹ec-tempore

64 4340 148 4390 luisse
171 4341 291 4393 ridetur.
334 4344 394 4394 Alii
417 4345 572 4396 vicesimum
597 4345 737 4412 quintum,
765 4344 813 4393 alii
834 4344 988 4395 vicesimum
1014 4340 1158 4409 septimum

66 4409 166 4470 luisse,
187 4415 361 4469 contendunt.
398 4431 423 4466 v.
438 4414 601 4484 Nicupoort.
619 4415 649 4466 S.
666 4413 682 4465 1
698 4413 733 4472 9,
752 4411 779 4465 5.
799 4413 836 4475 8,
855 4413 885 4467 4.
921 4412 1046 4465 Greurer
1065 4410 1088 4478 5.
1108 4406 1156 4460 83.
