2782 5022
10 445 19 486 ,
211 400 295 478 190
542 393 987 452 onar1om.

212 569 243 636 5)
262 568 343 618 Hane
361 565 542 620 narrationem
559 565 685 634 sequitur
706 562 897 635 amplificatio,
924 566 953 616 in
979 581 1033 634 qua
1058 563 1163 616 Cicero
1185 566 1335 636 populum

282 639 438 690 existimare
450 637 541 707 jubet,
562 654 654 686 omnes
667 633 806 686 Catilinae
826 636 930 704 copias,
951 653 1043 686 omnes
1057 653 1120 703 spes
1138 643 1226 704 atque
1248 656 1335 706 opes,

281 709 323 759 lois
341 707 463 776 depulsis
480 707 724 776 urbispericulis,
752 707 905 757 concidisse
925 736 956 745 —
982 726 1042 776 cap.
1063 707 1102 768 ⁷;
1135 725 1244 775 seque,
1276 711 1336 758 diis

281 778 482 830 immortalibus
501 779 616 829 ducibus
633 777 753 828 adhaec
770 783 846 828 tanta
863 777 966 828 indicia
985 778 1163 846 pervenisse:
1190 781 1226 828 id
1254 781 1337 847 quod

280 850 416 920 probatur
440 849 696 900 commemoratione
721 849 932 917 prodigiorum,
962 850 1060 916 quibus
1084 849 1123 898 dii
1146 850 1335 901 voluntatem

280 939 355 972 suam
372 921 565 988 patefecerint.
587 948 618 960 ·-
639 938 699 988 cap.
718 917 802 970 8-9.
839 919 939 988 Itaque
960 918 1089 970 hortatur
1105 921 1268 988 populum,
1299 929 1333 972 ut

280 991 492 1060 supplicationis
510 991 568 1042 dies
582 990 724 1048 celebret,
743 991 909 1057 praesertim
924 1008 1005 1057 quum
1021 1007 1113 1040 omnes
1132 998 1254 1044 ceterae
1277 993 1333 1042 dis·
1389 1022 1390 1025 =

281 1064 420 1114 tensiones
434 1079 488 1111 non
505 1061 732 1114 reconciliatione
748 1061 924 1119 concordiae,
945 1062 994 1110 sed
1008 1061 1197 1123 ipte'rnecione
1222 1063 1331 1114 civium

282 1134 468 1204 dijudicatae:
492 1133 521 1181 iu
538 1130 589 1181 hoe
607 1138 696 1196 autem
714 1149 786 1189 uno,
813 1138 876 1198 post
890 1131 1027 1190 hominum
1040 1132 1199 1182 memoriam
1223 1135 1327 1184 crude-

280 1204 384 1253 lissimo
407 1203 499 1260 bello,
526 1202 645 1270 quinque
663 1201 817 1251 hominibus
836 1201 1056 1270 comprehensis,
1084 1203 1201 1253 interitu
1228 1223 1327 1271 respu-

254 1287 259 1297 ’
281 1275 357 1324 blica
372 1271 492 1324 liberata
504 1271 547 1322 sit.
565 1281 628 1340 cap.
648 1271 694 1323 ll).
724 1271 761 1321 Se
779 1279 870 1323 temen
885 1273 937 1340 pro
951 1271 993 1322 his
1012 1273 1096 1322 tantis
1112 1274 1197 1323 rebus
1214 1275 1329 1325 nullum

282 1345 443 1412 praemium,
462 1349 657 1412 praeterquam
673 1339 753 1412 liujus
768 1343 824 1392 diei
839 1343 997 1394 memoriam
1012 1345 1208 1411 sempiternam
1227 1353 1328 1414 postu·

282 1417 404 1466 laturum
421 1431 488 1464 esse.
517 1430 577 1482 cap.
596 1412 642 1462 ll.
935 1470 939 1474 ⁸
989 1470 994 1483 Ι
1058 1417 1059 1422 ’
1146 1469 1148 1474 ¹

212 1481 245 1552 t)
263 1486 298 1537 In
310 1486 482 1554 peroratione
501 1490 597 1534 orator
612 1483 701 1551 petit,
728 1487 758 1533 ut
773 1481 956 1550 provideant,
983 1499 1017 1533 ue
1036 1484 1143 1551 quaudo
1161 1483 1219 1551 ipsi
1239 1483 1329 1536 homi·

283 1575 346 1606 num
360 1555 602 1607 audacissimorum
616 1553 770 1604 sceleritae
785 1571 816 1603 ac
830 1553 953 1603 nefariae
966 1561 1070 1604 mentes
1084 1572 1185 1605 nocere
1200 1558 1328 1622 possint.

285 1626 559 1696 Simulpollicetur,
588 1611 634 1684 se',
662 1641 731 1690 quae
747 1625 864 1690 gesserit
878 1625 906 1672 in
924 1624 1086 1684 consulatu,
1109 1625 1255 1693 privatum
1274 1631 1329 1678 tui-

276 1704 377 1749 ‹turum
391 1703 473 1764 atque
489 1703 648 1746 ornaturum
665 1712 740 1754 esse,
761 1696 914 1761 iterumque
932 1701 1041 1754 mouet,
1068 1702 1099 1746 ut
1114 1696 1214 1764 donem
1232 1706 1327 1750 eusto-

286 1770 347 1820 dem
362 1767 440 1818 urbis
454 1773 633 1826 venerantes,
652 1783 702 1816 sua
715 1772 790 1816 tecta
807 1765 939 1816 custodiis
956 1767 1115 1834 vigiliisque
1133 1768 1303 1822 defendant.
1389 1764 1390 1767 ¹

366 2039 367 2046 ι
603 2025 607 2046 i

166 2083 183 2138 t
279 2071 356 2131 Gar.
382 2069 411 2130 Ι.
444 2021 750 2148 ΒοιιιριιὶιΙὶειιιιι,
782 2065 950 2141 Quirites,
982 2067 1146 2152 vitamque
1179 2070 1325 2130 omnium

214 2162 379 2226 vestrum,
411 2153 516 2224 bona,
546 2152 715 2229 fortunas,
750 2150 927 2230 coniuges,
959 2149 1149 2234 liberosque·
1169 2161 1324 2225 vestros,

216 2246 313 2378 atque
341 2236 407 2295 ·hoc
430 2233 627 2315 domicilium
660 2233 833 2293 clarissimi
854 2233 1001 2314 imperii,
1033 2235 1325 2296 fortunatissimam
1383 2271 1390 2291 ι,

239 2344 259 2379 ιι
276 2321 529 2402 cherrimamque
553 2319 681 2391 urbem,
715 2316 874 2376 hodierno
898 2318 972 2392 die,
991 2315 1137 2391 ,deorum
1158 2319 1326 2380 immorta·
1388 2347 1389 2350 ¹

214 2342 294 2464 lium
317 2423 437 2462 summo
470 2423 624 2482 ergarus
648 2409 775 2476 amo're,
806 2399 992 2474 laboribus,
1027 2403 1199 2486 consiliis,
1232 2404 1321 2484 peri·

217 2485 301 2548 culis
313 2484 340 2567 ²)
378 2487 479 2559 meis,
532 2507 589 2545 enx
618 2486 741 2547 flamma
783 2493 880 2567 atque
917 2486 1022 2558 ferro,
1061 2508 1108 2556 ac¹
1137 2508 1245 2567 paene
1273 2509 1325 2546 «ex

203 2569 364 2628 'faucibus
390 2569 451 2628 fati
473 2573 634 2650 creptam,
657 2577 690 2629 et
712 2569 804 2631 vobis
828 2577 1050 2629 conservatam
1073 2589 1110 2628 ac
1132 2570 1321 2630 restitutam

166 2671 185 2724 2
216 2652 350 2713 ridetis.
395 2649 462 2725 Et,
495 2653 524 2712 si
556 2658 620 2712 non
651 2653 755 2712 minus
778 2651 873 2712 nohis
896 2652 1030 2712 iucundi
1052 2661 1149 2736 atque
1173 2652 1321 2713 illustres

218 2740 298 2816 sunt¹
315 2735 340 2816 ii
363 2735 455 2808 dies,
487 2732 603 2818 quihus
628 2756 873 2808 conservamur,
897 2759 991 2819 quam
1011 2734 1083 2810 illi,
1107 2737 1225 2820 quibus
1251 2758 1322 2796 nas·

216 2819 341 2892 eimur3
373 2819 460 2902 quod
489 2817 605 2890 salutis
636 2828 724 2880 certa
755 2819 883 2883 laetitia
905 2828 977 2893 est,
1013 2820 1172 2881 nascendi
1193 2821 1321 2880 incerta
1378 2831 1384 2862 ι’

216 2902 383 2976 conditio,
418 2911 450 2964 ct
479 2903 568 2986 quod
597 2903 667 2964 sine
703 2925 801 2964 seusu
833 2903 1017 2976 nascimur,
1049 2926 1120 2964 cum
1150 2903 1319 2985 voluptate
1378 2943 1384 2995 4

221 3017 321 3032 εκ--η-

184 3161 185 3171 ¹
235 3087 244 3116 '*
270 3087 299 3154 l)
317 3087 506 3156 periculisque
525 3088 600 3140 meis.

208 3319 211 3324 .
248 3283 273 3332 1.
293 3283 315 3349 5.
329 3282 354 3334 l.
370 3282 539 3332 domicilium.
556 3280 617 3334 cie.
626 3301 654 3351 p.
664 3282 746 3333 Sulla
755 3281 791 3334 ll
802 3281 817 3333 :⁴
824 3281 883 3352 Epo
892 3267 976 3332 uitam
985 3281 1098 3331 omnium
1106 3282 1213 3341 eiciam,
1223 3290 1317 3332 statum

214 3354 288 3403 orbis
307 3360 412 3410 terrae,
432 3355 522 3402 urbem
537 3352 607 3411 tome
623 3353 754 3418 deniqne,
773 3352 861 3403 eedem
879 3353 992 3402 omnium
1010 3369 1106 3410 reram,
1126 3369 1215 3402 arcem
1233 3372 1316 3424 repam

215 3441 247 3474 ae
273 3425 410 3474 nationum
432 3431 598 3482 exterarum,
624 3425 710 3474 lumen
726 3426 851 3494 penitam,
876 3424 1039 3480 doroieilinm
1058 3423 1178 3490 imperii,
1206 3426 1316 3490 quinque
1381 3440 1388 3491 ζ

214 3495 348 3558 homimem
366 3496 507 3544 aumatium
525 3502 551 3544 et
565 3495 732 3562 perditorum
746 3511 834 3562 poena
848 3495 955 3544 redemi.
992 3492 1215 3561 deliep.11li=
1245 3495 1316 3546 mvi-

215 3584 293 3616 nasse
309 3565 357 3615 ilie
373 3564 503 3628 trititiam,¹
525 3564 594 3615 Itane
612 3566 702 3615 arbem
718 3565 805 3616 sedem
820 3565 967 3632 aliquando
986 3571 1012 3613 et
1029 3563 1132 3614 doraum
1148 3583 1248 3616 sonnino
1266 3584 1316 3616 esse

216 3631 325 3704 imperio
340 3637 534 3703 praebituram.
570 3652 595 3688 v.
621 3638 656 3687 de
679 3635 762 3689 Pron.
778 3636 863 3688 Gons.
882 3635 921 3688 14
935 3653 978 3705 pr.
1017 3633 1315 3705 orat.1*25.5.tot.
1388 3651 1389 3702 j

216 3706 258 3756 Ne
282 3745 287 3756 .
306 3706 396 3757 Attio.
414 3707 442 3756 5.
1016 3737 1018 3744 ‚

253 3725 394 3844 ‘leniendis
419 3777 490 3826 meis.
532 3776 595 3837 Ita,
624 3775 787 3842 inauditae
834 3793 894 3827 cnm
919 3775 1001 3826 libris
1025 3773 1131 3827 Mureti
1153 3781 1183 3828 et
1205 3774 1317 3830 Graevii
1389 3786 1390 3791 ’

216 3836 287 3914 'fem
304 3847 363 3897 Sal.
384 3847 518 3917 Archiep.
536 3865 570 3898 m.
589 3866 633 3916 pr.
650 3848 730 3899 Parr.
749 3848 776 3900 l.
796 3819 823 3899 ii
839 3845 866 3897 7.
885 3846 913 3898 8.
933 3853 962 3897 et
977 3847 1148 3915 Anonymus.
1382 3908 1386 3921 Ι

267 3916 375 3988 fleotomo
392 3927 447 3984 atq.
462 3917 545 3986 ferro.
582 3919 685 3970 Juncta
702 3921 833 3988 leguntur
857 3918 952 3968 eadem
974 3918 1002 3969 in
1019 3915 1216 3968 verr.15s=
1257 3915 1317 3968 Cum
1381 3956 1386 3981 ,

217 3981 294 4036 ῐεέκ
309 3987 382 4056 {ir-ro
399 3992 541 4041 noricorum
560 3989 591 4040 P.
609 3989 643 4039 n.
661 3992 806 4058 eripueris,
833 3997 914 4056 atque
939 4006 953 4037 e
975 3985 1083 4058 fleotomo
1105 3989 1240 4038 sociorum
1262 4006 1316 4039 eoo-

216 4059 302 4108 ioriso
332 4060 368 4108 ad
382 4059 443 4111 Ate.
461 4062 478 4112 1
498 4061 553 4113 ld:
590 4060 684 4110 Totum
698 4061 765 4111 ianne
784 4053 878 4118 loonio,
897 4073 972 4126 quem
986 4060 1204 4128 eqooorie‘meie
1220 4062 1316 4111 oratio·

216 4131 294 4180 asom
315 4130 388 4178 soleo
409 4133 532 4204 pinqere,
559 4131 591 4182 de
635 4149 735 4190 amma,
761 4131 793 4182 de
817 4131 907 4200 firro,
935 4132 1025 4194 (nosti
1057 4131 1121 4180 ilias
1150 4128 1316 4197 ληκύθους)

217 4200 297 4252 ualde
313 4202 436 4268 qrooiter
448 4205 586 4272 pertexuit
605 4130 770 4271 (CrassasJ.
1069 4209 1071 4216 ⁴
1168 4253 1170 4258 .

223 4284 244 4298 ·“
269 4270 340 4339 filil,
362 4273 454 4336 uitii,
481 4293 509 4342 p.
527 4275 597 4327 dom.
617 4273 674 4325 5⁷:
709 4273 745 4322 ln
768 4273 816 4324 ilio
839 4289 926 4342 poene
947 4268 1009 4339 sato
1035 4271 1101 4338 reip.
1120 4270 1213 4339 'eijeei
1240 4288 1315 4322 meaos

216 4349 298 4410 eaput
311 4359 362 4411 pro
377 4343 474 4394 uestris
486 4347 663 4398 caerimoniis.
701 4362 726 4396 r.
742 4345 815 4394 infra
830 4341 920 4412 5:1⁷.
936 4361 964 4412 p.
982 4340 1071 4394 Arois.
1089 4339 1118 4391 9.

271 4413 294 4480 5.
315 4413 343 4464 2.
379 4417 521 4468 naseinaur.
558 4417 676 4470 Romani
695 4422 723 4468 et
741 4432 804 4468 suos
829 4420 856 4467 et
878 4414 1029 4468 amicorum
1045 4413 1105 4464 dies
1121 4414 1229 4466 natales
1250 4412 1313 4464 eele-
