2802 5028
254 353 336 434 mg
633 348 962 406 onerso

253 543 328 583 esse
350 519 522 584 fateantur.
564 522 674 604 Atque
688 521 723 582 in
738 519 801 582 boe
820 519 909 582 bello
930 520 1092 582 Asiatico
1104 529 1138 584 et
1158 515 1260 602 regio,
1279 543 1332 584 non

254 606 358 666 solum
378 605 528 666 militaris
551 604 610 665 illa
630 605 755 678 virtus,
789 626 870 687 quae
893 613 943 665 est
965 604 1000 664 in
1023 605 1084 665 Gn.
1105 604 1260 686 Pompeio
1280 608 1333 666 sin·

164 742 166 756 ‚
254 689 388 770 gularis,
410 689 470 749 sed
489 688 571 748 aliae
592 709 720 770 quoque
741 688 880 749 virtutes
902 687 999 749 animi
1021 686 1140 748 multae
1163 697 1199 748 ct·
1217 705 1334 770 magnae

252 772 472 854 requiruntur,
513 769 654 832 Difficile
678 771 903 847 ostiariam,
927 770 1065 844 Cilicia,
1088 771 1204 869 Syria,
1226 773 1335 852 regnis·

254 877 316 938 que
338 854 530 914 interiorum
550 854 717 915 nationum
738 854 785 934 ita
805 855 930 916 versari
950 861 1094 915 vestrum
1111 862 1334 935 imperatorem,

253 947 290 998 ut
312 937 395 996 nihil
418 936 519 1009 aliud,
541 959 636 1022 qnam
658 936 699 996 de
716 929 811 998 hoste
829 959 867 998 ac
883 938 924 998 de
939 930 1059 1010 lande,¹
1074 938 1209 1017 cogitet.
1231 938 1334 997 deinde

254 1020 382 1082 etiamsi
409 1021 470 1101 spui
498 1030 577 1083 ‘suns
609 1021 733 1101 pudore
769 1042 808 1079 ae
841 1020 1055 1102 temperantia
1094 1021 1334 1081 moderatiores:
1396 1092 1397 1103 ἵ

253 1111 363 1164 tamen
392 1124 448 1162 eos
480 1124 552 1164 esse
584 1104 689 1177 tales,
730 1110 865 1185 propter
896 1103 1137 1166 multitudinem
1160 1103 1335 1184 cupidorum

204 1176 418 1248 binominum
447 1207 540 1247 nemo
557 1187 755 1248 arbitratur.
797 1185 938 1248 Difficile
962 1194 1015 1246 est
1037 1187 1149 1261 dictu,
1183 1186 1334 1263 Quirites,

255 1269 377 1354 quanto
408 1269 444 1329 in
476 1269 552 1329 odio
587 1269 684 1329 simus
722 1269 808 1349 apud
840 1276 967 1336 exteras
995 1269 1174 1343 nationes,
1217 1279 1336 1354 propter

248 1375 387 1425 eorum,
409 1373 490 1435 quos
514 1353 554 1412 ad
578 1373 632 1412 eas
655 1373 714 1431 per
735 1351 794 1411 hos
818 1371 919 1413 annos
943 1373 1014 1414 cum
1031 1352 1172 1437 imperio
1194 1353 1335 1423 misimus,

253 1435 391 1497 iniurias
424 1445 460 1494 ae
492 1435 658 1496 libidines.
702 1434 800 1509 Quod
829 1434 912 1494 enim
941 1435 1059 1495 lanum*
1079 1436 1204 1517 putatis
1227 1434 1334 1494 inillis

254 1518 353 1580 terris
386 1519 508 1600 nostris
542 1518 783 1598 magistratibus
817 1517 1027 1596 religiosum,
1060 1540 1155 1600 quam
1176 1517 1335 1580 'civitaten

256 1609 420 1672 sanctam,
454 1623 548 1684 quam
570 1602 697 1662 domum
719 1601 798 1660 satis
824 1599 1025 1677 clausamac
1047 1601 1202 1664 munitam
1223 1597 1335 1662 fuisse?

255 1685 352 1744 urbes
385 1686 447 1744 iam
477 1683 662 1764 locupletes
700 1705 736 1742 ac
774 1682 1190 1767 copiosac‘requiruntnr,
1235 1684 1334 1766 quibus

256 1789 354 1828 eausa
382 1766 463 1827 belli
490 1775 627 1848 propter
648 1766 825 1846 diripiendi
846 1767 1060 1847 cupiditatem
1082 1767 1255 1830 inferatur.
1295 1763 1349 1826 biv

206 1843 371 1911 66benten
391 1850 471 1922 baec
495 1872 603 1910 eoram
624 1871 695 1910 cum
716 1851 757 1926 Q.
781 1849 904 1930 Catulo
924 1857 957 1910 et
979 1851 1020 1926 Q.
1037 1851 1220 1912 Hortensio
1240 1850 1333 1930 dispo·

254 1942 377 2008 tarem,
409 1933 538 1994 summis
561 1942 595 1994 et
617 1933 805 1994 clarissimis
828 1933 918 1994 viris.
956 1941 1117 1995 noverunt
1140 1936 1227 1995 enim
1249 1931 1335 1994 socio·

253 2039 323 2079 rum
364 2017 540 2092 vulneras:-
564 2017 679 2078 vident
720 2038 829 2076 eorum
867 2015 1085 2077 calamitates:
1134 2015 1335 2102 querimonias

255 2102 400 2161 audiunt.
443 2101 507 2161 Pro
539 2100 639 2160 sociis
669 2121 726 2160 ros
750 2107 864 2160 contra
885 2098 999 2161 hostes
1021 2100 1335 2162 exercitnmmittere

253 2185 405 2266 putatis,
448 2206 489 2244 an
518 2181 661 2244 bostium
691 2182 939 2257 simulatione„
964 2193 1078 2244 contra
1112 2175 1221 2246 socies
1256 2191 1336 2264 atque

255 2319 355 2340 'bn—nu-

308 2390 332 2460 ξ.
350 2389 400 2442 64.
436 2391 551 2462 Difficile
569 2391 655 2440 estin
672 2389 751 2442 Asia.
784 2389 844 2442 cie.
865 2390 1106 2458 adQuint.fr.1
1126 2392 1151 2444 l.
1170 2393 1195 2460 ᾗ.
1216 2391 1252 2444 2:
1269 2389 1337 2439 Prac-

253 2463 358 2515 'elarnm
376 2469 417 2512 est
433 2479 530 2514 snsrsmo
549 2479 606 2511 cnm
624 2463 731 2531 imperio
750 2459 834 2528 fnisse
854 2463 883 2512 in
899 2461 972 2512 Asia
990 2463 1121 2514 biennium
1138 2464 1187 2522 sic,
1207 2471 1237 2512 nt
1251 2457 1337 2512 nnlbtm

254 2531 282 2584 te
299 2535 418 2604 siqnnm,
443 2533 520 2582 sanila
534 2530 660 2600 pictura,
687 2533 789 2584 nnllam
806 2550 870 2590 vas,
903 2533 981 2583 nnlla
999 2535 1098 2593 vestis,
1130 2535 1233 2584 nnllam
1255 2526 1335 2581 manci·

252 2605 343 2676 piam,
369 2603 446 2652 nnlla
462 2602 550 2671 ffbrma
569 2603 738 2672 cujusquam,
765 2603 843 2652 nella
862 2602 979 2653 conditio
994 2605 1141 2672 pecnniae,
1160 2607 1255 2671 qaibns
1273 2600 1336 2652 relat

215 2715 217 2718 v
256 2674 376 2725 abscedat
394 2676 447 2724 ista
461 2675 612 2744 provincia,
631 2675 664 2724 ab
682 2692 781 2724 snmnsa
799 2675 954 2745 intepritate
971 2676 1185 2744 continentiaque
1201 2669 1335 2726 deduxerit·

310 2746 480 2803 interior-ann,
500 2763 568 2813 quae
587 2751 650 2794 sunt
667 2747 754 2812 magis
773 2751 895 2796 remotae
914 2763 931 2795 a
948 2745 1041 2797 litore.
1078 2745 1145 2797 Mel.
1164 2745 1235 2798 18:
1277 2739 1336 2790 01⁰0

256 2817 297 2868 sie
315 2815 473 2866 babitantnr
491 2815 527 2864 ad
546 2822 662 2866 nostram
680 2817 792 2868 maxime
810 2817 890 2872 ritnm
908 2818 1018 2866 moratis
1036 2816 1191 2869 cultoribus.
1203 2845 1236 2856 -
1254 2807 1336 2864 Praxi·

255 2888 307 2952 ,mis
324 2885 415 2936 asellae
433 2885 537 2952 qnidem
555 2887 631 2936 nrbes
649 2892 739 2945 stant,
766 2893 853 2939 tamen
875 2886 1015 2948 domicilia
1038 2895 1108 2938 sant.
1137 2917 1167 2928 -
1206 2885 1337 2937 Interiores

258 2959 338 3008 etiam
356 2956 483 3007 incultius
501 2963 646 3022 sequnntur
663 2957 726 3027 oapi
741 2974 848 3025 pecora.
876 2955 965 3009 Vena.
987 2953 1067 3008 1485
1086 2964 1113 3010 et
1131 2958 1220 3010 Hcrv.
1239 2950 1337 3008 exterio·

259 3046 333 3086 rnen,
368 3025 575 3096 Naug.·Lamb.
594 3034 746 3078 exterarnm
764 3033 939 3095 receperunt.
1126 3049 1131 3056 =

312 3115 390 3164 qaenam
415 3097 448 3148 dc
475 3097 558 3148 hoste.
577 3097 672 3149 ,Unus
699 3098 808 3150 Erfurt.
835 3095 944 3149 exhibet
969 3098 1031 3148 nisi.
1066 3099 1108 3148 At
1133 3097 1194 3150 Liv.
1213 3095 1274 3148 vll
1294 3087 1338 3141 17²

261 3168 348 3230 anm
362 3169 464 3232 tribnai
478 3168 547 3220 nibil
561 3167 645 3228 alind,
665 3186 743 3235 qaam
751 3167 926 3235 nttlifferrent
938 3169 1054 3226 comitia,
1071 3168 1227 3220 volnissent.
1246 3166 1278 3220 Π
1294 3157 1337 3212 44³

259 3239 338 3289 Nihil
356 3238 432 3289 alind
447 3257 511 3308 opns
528 3257 600 3297 esse,
620 3257 698 3304 qnam
716 3239 798 3294 indici
817 3238 970 3305 ostendiqne
990 3239 1094 3291 bellnm.
1122 3258 1147 3292 ι.
1166 3240 1235 3291 ibid
1253 3233 1290 3288 45
1303 3245 1337 3311 pf·

256 3309 304 3362 ·Iv
323 3307 371 3360 26.
391 3310 465 3361 etin
482 3327 525 3377 pr.
545 3309 687 3360 Drakenb.
707 3311 741 3360 ad
759 3309 862 3361 xxxl
880 3303 937 3374 24,
957 3309 990 3364 5.
1011 3311 1058 3378 qui
1075 3311 1202 3379 plurimis
1222 3301 1338 3370 exempllt

259 3379 329 3432 banc
355 3380 440 3432 locut.
467 3381 590 3433 defendit
615 3387 710 3432 contra
731 3379 846 3443 Gaertn.
866 3381 926 3430 cod
951 3381 999 3448 qui
1016 3382 1090 3432 solus
1108 3381 1149 3440 ibi
1166 3383 1220 3431 nisi
1237 3391 1299 3448 prae
1316 3383 1338 3418 ⁸⁰

260 3452 326 3504 fert.
344 3468 369 3502 v.
390 3459 418 3503 ct
437 3449 530 3502 Gornl
542 3452 612 3519 Nep.
630 3451 692 3502 Att.
714 3449 767 3504 ld:
786 3448 868 3501 Nemo
882 3451 911 3500 in
925 3452 1046 3512 conscisio
1063 3453 1118 3522 ejns
1135 3451 1213 3504 abissai
1229 3451 1339 3502 acroama

260 3521 367 3574 audivit
385 3540 464 3588 qaam
481 3529 655 3592 anagnosten.
1318 3578 1324 3592 ι

313 3591 337 3658 ξ.
355 3590 405 3644 65.
441 3599 540 3657 qnasato
559 3593 588 3642 in
607 3591 676 3643 odio.
711 3591 790 3642 Idem
811 3592 844 3642 de
864 3591 1062 3652 eadem-Asia,
1096 3590 1200 3644 Cilicia
1225 3597 1251 3643 et
1268 3587 1338 3651 Sym

262 3663 405 3715 confirmat
432 3662 552 3722 Cicero,
581 3661 698 3714 Ciliciae
717 3662 886 3732 proconsul,
913 3664 942 3714 in
961 3663 1040 3730 epist.
1061 3663 1098 3713 ad
1113 3670 1243 3716 senatum.
1276 3656 1339 3731 Faus:

261 3733 318 3784 XV
338 3732 372 3784 l:
409 3731 548 3783 Sociornm
573 3733 680 3784 auxilia
695 3741 809 3802 propter
830 3735 1002 3784 acerbitatem
1019 3741 1099 3800 atqnc
1117 3734 1232 3803 injurias
1250 3731 1338 3794 impera

259 3805 364 3861 nostri,
398 3811 445 3852 ant
464 3805 504 3853 ita
523 3803 656 3854 imbecilla
673 3812 750 3863 snnt,
780 3811 810 3854 nt
833 3823 886 3854 non
909 3803 1018 3854 rnnltnm
1040 3819 1089 3856 nos
1107 3805 1208 3874 juvare
1229 3797 1338 3872 possins

261 3880 310 3922 ant
327 3876 367 3932 ita
386 3873 505 3924 alienata
524 3874 649 3933 anobis,
676 3883 711 3926 nt.
729 3893 811 3941 neqne
837 3874 1040 3944 exspectandam
1058 3876 1091 3926 ab
1110 3877 1161 3934 iis,
1188 3890 1268 3943 aeqsse
1284 3878 1338 3917 ⁶⁰¹*

260 3943 415 3994 mittendam
432 3946 466 3995 iis
485 3943 629 4011 qsc'idqnam
647 3963 703 3995 csse
724 3945 856 3996 videntem.
893 3963 917 3997 v.
937 3946 954 3995 I
971 3945 1054 3996 Verr.
1074 3945 1122 3997 52.
1209 3985 1211 3990 .

313 4032 395 4066 cama
414 4015 478 4066 belli
500 4042 528 4052 -
549 4013 690 4082 inflaratnr.
727 4016 833 4076 Eadem
851 4016 982 4083 loquendi
1001 4016 1089 4066 forma
1108 4017 1142 4068 de
1161 4013 1232 4083 ch.
1249 4006 1295 4064 III
1310 3998 1337 4083 9·

264 4081 330 4134 Cam
346 4086 438 4136 Persis
456 4092 482 4136 et
500 4083 658 4154 Pbilippns,
687 4088 733 4154 qni
752 4088 896 4158 capitanii,
924 4094 949 4135 et
976 4087 1152 4146 Alexander,
1186 4087 1231 4151 qni
1253 4077 1342 4156 pestiis

261 4156 330 4206 banc
357 4155 475 4208 bellandi
501 4174 608 4206 carmem
632 4155 780 4223 inlinebat,
811 4155 881 4224 qnod
905 4157 987 4207 vellet
1011 4156 1143 4208 Graeciae
1168 4156 1234 4224 [arsa
1248 4157 1337 4223 putis‘:

262 4229 297 4288 ln
315 4244 373 4276 rem
392 4226 453 4278 cic.
474 4226 507 4276 dc
526 4228 604 4294 Rege
621 4229 813 4280 Alexandrino
832 4227 869 4287 ὅ,
890 4225 921 4278 l:
955 4228 1018 4278 Non
1032 4229 1127 4296 patiar
1144 4227 1212 4278 barac
1229 4212 1338 4276 exaudiri

262 4315 351 4360 vocem
369 4296 447 4365 brejses
466 4298 586 4366 inperiis
605 4316 653 4368 eqo
671 4305 714 4355 tc,
733 4298 785 4348 nisi
804 4296 854 4348 das
872 4297 978 4366 aliquid
983 4334 992 4358 ,
1011 4297 1129 4362 bostem
1153 4300 1179 4350 si
1196 4293 1258 4366 pisid
1274 4279 1337 4340 ‘lidi'

262 4370 318 4427 ris,
337 4385 422 4439 repen
440 4375 466 4419 et
481 4371 582 4425 sociam
599 4377 626 4420 et
643 4369 753 4425 amicam
763 4367 903 4438 judicabo.
