2854 5024
304 406 397 494 'ono
417 407 504 462 sex.
523 407 677 464 noscro
695 407 891 464 suumne.
1098 406 1158 484 21.

74 615 85 631 ι·
121 581 194 644 Gur.
218 577 298 640 xil.
340 575 514 640 Hominem
535 578 633 659 longe
653 579 902 644 audacissimum
917 597 1023 659 nuper
1040 575 1206 642 hebui-35

67 686 126 728 mus
139 663 171 722 iu
186 661 318 722 civitate
334 662 376 724 G.
390 662 575 735 Fimbriam,
600 670 644 736 ct,
669 663 756 760 quod
774 663 861 722 inter
878 683 988 724 omncs
1010 669 1154 735 constet,

66 749 121 810 nisi
140 747 226 809 inter
247 766 326 818 eos,
361 746 416 827 qui
437 745 503 826 ipsi
526 768 653 829 quoquc
676 746 865 816 insaniunt,
904 743 1154 806 insanissimum.
1265 799 1271 806 .

65 833 95 894 ls
116 853 183 890 curn
207 836 353 892 curasset
373 829 408 888 in
431 827 543 890 sunere
567 829 606 888 C.
627 829 747 902 Marii,
781 837 816 889 ut
839 827 880 904 Q.
902 827 1063 888 Scaevola
1085 829 1155 888 vul-

64 922 244 986 neraretur,
289 911 596 978 tir·senctissin1us
631 922 728 998 utque
763 911 988 973 ornatissimus
1022 919 1154 972 nostrae

65 993 319 1080 eivitatis2‚(de
349 995 419 1056 eiu‘s
451 995 548 1056 leude
572 1018 612 1056 ne
639 1019 677 1057 uc
701 995 755 1055 hic
777 996 870 1056 locus
894 1002 966 1068 cst,
998 1003 1034 1055 ut
1055 994 1158 1056 multu

65 1082 225 1152 dicuutur,
247 1099 352 1160 neque
374 1078 598 1159 plurc.tumen
616 1020 688 1140 ilici
708 1087 867 1159 possunt,
899 1099 993 1162 quam
1014 1077 1156 1159 populus

63 1164 216 1224 Romanus
239 1163 392 1234 memoria
413 1161 576 1246 retinet);
600 1163 685 1223 diem
707 1162 885 1224 Scaevolae
909 1161 1004 1234 dixit,
1027 1171 1158 1242 postea-

65 1269 148 1329 quem
170 1245 434 1325 comperit,'oum
455 1267 554 1326 posse
577 1247 696 1307 rivere.
720 1268 792 1307 cum
814 1245 854 1306 ub
876 1265 914 1308 eo
934 1252 1157 1326 quaereretur,

64 1329 286 1413 quidtendem
309 1338 525 1393 accusaturus.
543 1338 632 1392 esset
654 1351 745 1404 eum,
780 1334 874 1413 quem
903 1348 963 1409 pro
995 1327 1157 1408 dignitate

63 1436 99 1472 ue
120 1413 251 1475 laudere
273 1413 404 1497 uiridem
427 1413 596 1498 quisquam
618 1415 698 1475 satis
716 1413 883 1474 commode
900 1419 1030 1492 possete
1054 1411 1158 1485 siunt,
1202 1438 1205 1445 ·
1229 1465 1233 1474 .

63 1496 233 1568 hominem,
252 1505 299 1562 ret.
315 1505 384 1557 erut
407 1496 573 1570 furiosus,
595 1497 832 1578 respondisse,
855 1495 944 1580 quod
966 1516 1031 1556 non
1053 1502 1158 1555 totum

63 1579 156 1642 telum
176 1600 311 1659 corpore
332 1580 524 1662 recepisset,
549 1603 611 1662 quo
627 1580 769 1662 populus
786 1581 952 1644 Romanus
970 1578 1055 1638 nihil
1074 1577 1158 1639 vidit

63 1663 239 1742 indignius,
261 1662 495 1746 nisieiusdem
516 1663 577 1724 viri
599 1673 748 1734 mortem:
782 1686 864 1748 quse
885 1670 1013 1724 tentum
1036 1662 1158 1742 potuit,
1258 1695 1260 1702 ⁴

64 1755 98 1806 ut
118 1769 223 1810 omnes
246 1746 376 1810 occisus
389 1745 415 1828 ¹)
437 1747 621 1828 perdiderit
644 1756 677 1808 et
699 1748 864 1818 afflixerim
888 1768 970 1830 quos
992 1745 1068 1829 quia
1087 1768 1155 1806 scr·

65 1849 136 1892 rure
164 1852 220 1911 pcr
249 1830 515 1910 compositionem
546 1829 699 1903 volelsut,
732 1831 803 1912 ipse
836 1831 875 1890 uh
898 1831 939 1906 iis
962 1829 1156 1890 interemtus

68 1921 122 1974 cst.
165 1913 266 1976 Estne
283 1912 346 1974 hoc
369 1913 420 1973 illi
443 1914 532 1973 dicto
556 1921 653 1995 etque
677 1913 765 1973 fecto
783 1913 945 1974 Fimbriae
968 1934 1033 1974 nou
1056 1897 1208 1973 ,impes

68 1995 194 2058 limum?
232 1998 405 2062 decussus
429 1998 503 2058 Sex.
523 1995 687 2058 Roscium.
711 1995 791 2079 quid
809 1995 883 2057 itui
908 1997 984 2080 quie
1003 1996 1043 2056 de
1057 1995 1159 2056 meni·

68 2078 124 2140 hus
144 2083 253 2144 vestris
278 2083 407 2161 effugit:
443 2081 518 2164 quie
541 2101 575 2140 se
597 2079 709 2142 occidi
729 2101 846 2161 pessus
869 2101 932 2140 non
961 2087 1022 2140 est.
1065 2077 1158 2139 Illud

68 2163 137 2244 quis
163 2165 196 2225 in
222 2165 387 2230 *Scaeuola
405 2166 537 2229 ‘factum
568 2173 640 2238 est,
676 2164 777 2244 magis
804 2161 974 2243 iudignum
1004 2162 1156 2223 videtur:

107 2321 135 2390 1)
152 2331 182 2376 ut
199 2343 294 2419 omnes
311 2325 385 2376 cives
404 2341 467 2377 suos
481 2323 647 2396 perdiderit.

102 2465 172 2520 ΧΠ.
202 2471 227 2539 ᾖ.
243 2469 294 2521 55.
332 2467 363 2520 C.
381 2427 496 2522 miccius
510 2470 649 2530 stratoria,
677 2471 724 2539 qui
744 2433 905 2540 pruefectus
928 2469 1066 2536 equitum,
1092 2471 1155 2518 unte

54 2539 196 2592 adventurn
223 2542 319 2592 Sullae
339 2541 485 2592 Valerium
506 2543 636 2593 Flaccum
658 2541 830 2592 consularem
851 2541 939 2592 virum
954 2539 1155 2596 interfecerat,
1183 2573 1187 2581 -

51 2613 231 2680 exercituque
246 2619 397 2681 occupato,
415 2613 567 2680 imperator
584 2612 756 2682 appellatus,
777 2613 845 2662 torti
862 2608 1054 2660 Mithridatem
1070 2626 1155 2677 pepu-

50 2679 121 2733 lerat
136 2683 268 2752 proeliu,
288 2683 338 2734 sub
357 2685 502 2736 adventum
519 2683 616 2734 Sullae
636 2702 664 2734 se
680 2686 740 2754 ipsc
755 2683 904 2734 interemit.
923 2682 1000 2732 vett.
1010 2679 1094 2730 P.11.
1105 2678 1164 2731 24..

49 2750 133 2803 Plura
151 2772 177 2806 v.
199 2754 275 2820 opud
289 2755 365 2822 App.
382 2753 478 2832 itiithr.
494 2752 618 2804 51-60.
646 2755 707 2807 Liv.
727 2754 792 2825 epit.
808 2751 936 2804 88--85,
963 2751 1024 2802 Cic.
1039 2752 1090 2800 Br.
1104 2747 1154 2802 co.

46 2822 162 2876 Factum
183 2825 263 2877 istud
280 2831 377 2876 narret
395 2825 459 2876 val.
476 2825 549 2889 Max.
564 2825 619 2874 lx.
638 2825 706 2876 tls.
1123 2843 1124 2848 ’

100 2895 135 2956 0.
152 2893 305 2953 Scaevoia,
334 2913 413 2965 quem
432 2914 464 2946 ex
483 2895 535 2946 hoc
557 2896 672 2948 vulnere
691 2899 866 2952 recreatum,
893 2897 1009 2960 poster,
1037 2889 1101 2940 dum
1119 2889 1155 2942 nd

45 2965 238 3035 sacriportum
253 2967 414 3028 dimicatur,
434 2966 618 3036 Damasippus
635 2975 769 3036 praetor,
788 2963 947 3033 pontificem
964 2960 1107 3012 maximum
1126 2963 1155 3012 et

46 3039 150 3097 divini,
183 3037 351 3104 humanique
376 3038 448 3108 juris
470 3043 610 3088 auctorem
642 3035 852 3090 celeberrimum
878 3035 908 3084 in
929 3033 1006 3083 euris
1032 3031 1156 3082 Hostilia

46 3109 211 3161 trucidavit.
248 3127 275 3158 u.
292 3126 315 3159 c.
333 3106 402 3160 672.
427 3108 504 3160 Veli.
527 3109 559 3159 1³.
580 3108 622 3158 11.
644 3107 693 3162 26.
730 3108 806 3176 App.
824 3103 857 3156 G.
872 3103 898 3156 I.
917 3103 966 3156 88.
987 3100 1049 3152 (iic.
1064 3099 1100 3152 N.
1118 3101 1155 3151 I).

43 3179 101 3230 ΙΙΙ.
128 3179 190 3230 52:
240 3177 439 3247 Temperantiue
459 3179 670 3249 prudentiaeque
687 3180 817 3248 specimen
833 3183 896 3228 crete
918 3171 1089 3226 simulacrum
1105 3170 1156 3224 Vc·

43 3259 100 3300 stae
112 3249 248 3320 pontifiex
265 3251 394 3300 traximus
413 3251 446 3313 Q.
464 3249 508 3301 Sc.
522 3249 671 3300 trucidatum
686 3258 736 3319 est.

97 3339 190 3372 omues
207 3317 309 3372 occisus
321 3320 479 3389 perdiderit.
512 3321 677 3388 Vulgatams
695 3329 726 3370 ut
740 3335 826 3370 omues
840 3317 911 3366 ciues
922 3331 984 3365 suos
994 3311 1155 3383 perdiderit,

44 3411 127 3460 quum
136 3393 184 3443 ed.
197 3393 280 3444 Rom.
291 3409 351 3442 cnm
361 3409 437 3461 seqq.
448 3391 567 3451 exhibet,
579 3391 638 3460 jum
644 3391 835 3444 Hotomuunus
845 3387 990 3456 obscurum
999 3391 1027 3436 et
1035 3386 1156 3435 fortusse

43 3469 215 3534 corruptam
234 3463 385 3532 judicavit,
412 3463 549 3514 immerito
571 3462 755 3531 reprehensus
777 3481 792 3511 u
815 3458 959 3518 Graevio;
988 3475 1049 3507 nem
1073 3455 1155 3506 Purr.

42 3533 58 3585 1
82 3541 113 3588 ct
134 3535 177 3596 d,
209 3532 308 3601 quibus
331 3534 397 3584 solis
412 3536 441 3586 in
460 3531 511 3584 hec
529 3535 654 3584 oratione
675 3533 826 3585 auctoritas
841 3529 990 3582 tribuenda
1007 3533 1067 3585 est,
1095 3541 1156 3576 curn

42 3606 134 3657 ceteri
150 3605 306 3662 recensiti,
333 3603 378 3657 ¹vel
396 3605 488 3673 potius
502 3605 646 3671 depravati
661 3606 731 3666 sint,
755 3621 823 3673 prae
841 3619 870 3652 sc
885 3601 1003 3659 terunt,
1022 3602 1057 3647 ut.
1071 3596 1158 3648 edidi·

41 3693 110 3728 mus.
150 3695 180 3729 v.
204 3694 233 3745 p.
256 3675 317 3726 Mil.
342 3677 365 3743 5.
383 3675 432 3728 79.
472 3674 712 3744 pulmentis:
755 3673 788 3724 Si
811 3672 915 3740 quidem
936 3687 984 3740 eqo
1004 3669 1055 3719 tibi
1079 3668 1157 3717 vivers

39 3767 94 3798 uon
109 3766 247 3818 prosum,
267 3746 313 3812 qui
328 3747 445 3796 mortuus
460 3743 627 3814 proficissem.
664 3744 749 3812 Soph.
767 3745 863 3811 Antig.
882 3739 960 3793 8562
997 3739 1100 3795 θανὼν
1117 3735 1157 3791 ἔτ’

40 3815 141 3874 οὖσαν
158 3819 327 3890 κατῆναρές
343 3837 385 3886 με.
420 3815 607 3868 elecctos.
652 3819 682 3870 ’0
702 3819 773 3870 ἔστα.
797 3813 923 3884 φίλταθ’
971 3805 1008 3875 ὥς
1027 3811 1056 3882 μ’
1083 3809 1158 3862 ἀπώ-

38 3887 133 3955 λεσας
151 3889 278 3944 Sauciet
309 3886 465 3939 Pronomen
481 3904 542 3936 suos
560 3887 638 3938 abest
654 3907 669 3951 u
685 3835 766 3936 i‘usr.
786 3885 813 3936 ⁷.
823 3883 851 3936 8.
868 3883 896 3934 9.
915 3855 1015 3930 diane.
1035 3884 1062 3930 et
1082 3877 1156 3946 041,

38 3961 105 4010 Non
132 3964 218 4016 erat,
246 3974 295 4007 cur
317 3957 434 4010 Ursinus
455 3959 620 4026 conjiceret:
647 3959 693 4023 qui
710 3974 793 4022 quos3
826 3972 887 4006 nem
902 3971 929 4020 p.
944 3950 1039 4000 Tullio
1058 3950 1081 4016 ᾗ.
1099 3947 1156 3998 56:

38 4029 181 4079 Dubitari
207 4027 255 4076 troc
278 4036 367 4097 potest
382 4036 596 4096 recuperatores,
625 4030 680 4079 utri
698 4043 862 4096 oppugnasse
878 4022 1038 4079 videantur,
1059 4048 1090 4058 -
1110 4019 1159 4086 quei

37 4121 87 4152 eser
102 4099 253 4220 fuccssnt,
281 4117 432 4150 caruanou
446 4097 519 4169 luit,
547 4117 583 4149 are
598 4101 635 4157 ii,
661 4101 707 4166 qui
721 4097 818 4166 fecisse
833 4115 861 4146 se
878 4093 1046 4166 confitentur.
1086 4101 1113 4141 t.
1128 4108 1156 4160 p.

37 4173 103 4222 Mil.
145 4209 152 4222 .
232 4175 302 4221 extr.
1170 4203 1173 4209 .
1224 4204 1226 4210 .

92 4172 179 4310 fuito
202 4237 353 4290 fimbriae.
380 4238 440 4291 Jul.
457 4237 549 4290 Rufln.
570 4239 603 4290 de
620 4237 667 4305 fig.
688 4256 711 4288 c.
730 4236 769 4289 25
787 4237 859 4287 inter
879 4233 1003 4304 exemplo
1022 4227 1156 4296 Purcdig·

37 4320 134 4364 mutos
150 4311 183 4362 h.
201 4308 221 4358 l.
238 4311 322 4362 citat:
356 4309 440 4364 Estne
464 4310 515 4360 lece
539 4309 583 4361 illi
601 4307 673 4360 dieto
694 4315 774 4374 atque
789 4307 865 4376 facto
879 4306 1035 4355 Fimbriano
1050 4300 1157 4350 similli-

38 4387 132 4433 ruum?
174 4381 254 4450 qnod
278 4382 358 4432 etium
376 4379 472 4435 anh.
489 4398 522 4436 ex
537 4379 703 4436 Boemorsei
720 4379 879 4449 conjecture
893 4376 990 4430 edidit.
1010 4392 1033 4425 r.
1051 4390 1078 4442 p.
1095 4369 1156 4422 Mil.

22 4451 100 4532 Ι14,
121 4451 181 4508 58.
201 4450 273 4508 intre
290 4453 315 4522 5·
333 4451 401 4506 ¹15.
