2766 5018
326 410 853 586 casuro

93 845 386 934 ,RE'GE
462 831 1096 936 DEIOTARO.

501 1051 696 1065 m

370 1161 845 1240 anennuaauss'
924 1158 928 1168 ’

43 1299 217 1373 bajianus,
236 1292 365 1350 Galatiae
383 1313 432 1348 seu
451 1294 665 1365 Gallograeciae
683 1295 855 1366 tetrarches,
873 1314 927 1349 non
945 1298 1032 1352 solum
1051 1281 1141 1354 socius

115 1369 314 1440 imperatorum
338 1367 374 1420 R.
396 1367 450 1419 duit
468 1368 497 1418 in'
517 1365 619 1428 bellis,
647 1369 762 1438 quaein
780 1369 867 1430 Asia,
894 1369 1003 1431 Ponto,
1033 1369 1141 1442 Cappa·

118 1440 215 1496 dosia,
235 1435 337 1488 Cilicia
356 1443 437 1506 atque
456 1438 539 1506 Syria
558 1444 636 1506 gesta
654 1443 731 1498 sunt,
759 1456 854 1490 verum
879 1441 959 1492 otiam
979 1442 1032 1490 dux
1051 1442 1141 1510 eopia·

117 1527 178 1564 rum
196 1525 313 1559 suarum.
348 1507 446 1577 Itaque
466 1510 499 1560 de
519 1509 551 1559 eo
568 1508 666 1568 Sulla,
685 1507 811 1570 Murena,
831 1509 977 1574 Servilius,
997 1510 1140 1574 Lucullus,

114 1577 235 1652 Bibulus
254 1584 335 1648 atque
355 1578 476 1640 Cicero,
502 1571 777 1630 bonorificentissime
799 1598 880 1652 saepe
904 1583 931 1631 in
950 1587 1045 1633 senatu
1061 1601 1141 1652 prae·

114 1651 291 1708 Cesserunt:
319 1648 465 1719 Pompeius
484 1659 574 1703 autem
591 1666 672 1716 unum
689 1650 853 1718 chotarum
870 1653 898 1701 in
920 1657 979 1716 toto
999 1653 1067 1704 orbe
1085 1661 1142 1706 tea·-

113 1722 210 1790 rarutu
237 1737 270 1770 ex
296 1718 383 1782 animo
410 1721 524 1770 amicum
548 1737 667 1787 vereque
691 1718 854 1771 benevolum
881 1728 909 1772 et
924 1721 1035 1774 fidelem
1054 1721 1086 1774 P.
1105 1724 1142 1775 R.

109 1790 258 1864 judicavit.
294 1789 350 1841 Tot
375 1788 588 1852 clarissimorum
614 1791 809 1862 imperatorum
835 1793 998 1842 testimoniis
1017 1800 1142 1845 ornatum

113 1865 225 1916 senatus
242 1860 375 1911 Armenia
391 1861 496 1912 minore
516 1859 645 1920 donavit,
671 1877 820 1928 regemque
840 1861 1000 1929 appellavit.
1020 1891 1052 1902 -·
1091 1864 1141 1914 Se·

114 1937 208 1986 cutum
226 1937 268 1982 est
286 1931 367 1982 civile
385 1929 511 1991 bellum,
537 1930 566 1980 in
584 1947 637 2014 quo
656 1931 806 2000 llejotarus
823 1929 954 1998 Pompeio
979 1935 1033 1981 non
1052 1931 1141 1984 solum

112 2000 306 2058 auxiliamisit,
320 2001 458 2052 sedetiam
471 1999 631 2051 Pharsalico
646 2000 755 2068 proelio
773 2001 910 2064 intes-init,
929 2018 1016 2068 exque
1032 2019 1064 2053 eo
1080 2019 1141 2052 cum

112 2067 390 2142 Pompeio‘profugit
408 2078 489 2138 atque
507 2071 535 2120 in
553 2089 628 2122 suum
646 2087 759 2138 regnum
778 2087 806 2121 se
825 2071 941 2140 recepit.
980 2068 1040 2122 Cic.
1068 2071 1139 2121 Phil.

113 2141 162 2198 XI
182 2139 228 2193 15.
249 2142 282 2195 de
300 2141 338 2193 Η.
358 2141 392 2192 R.
413 2141 459 2194 15.
485 2141 520 2192 ad
538 2141 613 2192 Fam.
631 2141 688 2190 XV
704 2139 733 2191 4.
765 2141 798 2192 de
818 2139 909 2192 Diria.
928 2139 1028 2202 115⁷.
1058 2139 1139 2192 Caes.

120 2209 181 2279 Cis.
199 2210 295 2264 1114.
330 2211 451 2281 Apisa.
469 2209 518 2262 Mi.
538 2210 586 2262 73.
601 2209 673 2264 ¹114.
695 2208 755 2263 civ.
773 2209 808 2260 11
825 2210 873 2261 il.
902 2239 934 2249 -
969 2210 1041 2260 lium
1070 2209 1139 2263 Cae·

117 2297 164 2334 aar
189 2283 319 2350 Aegypto
348 2230 429 2349 alque
455 2273 628 2331 Alexandria
652 2281 827 2348 potiebatur,
854 2285 905 2331 'rex
930 2279 1078 2350 Dejotarus
1104 2283 1141 2332 ad

115 2353 267 2405 Domitium
286 2351 448 2410 Calvinum,
476 2351 520 2402 cui
540 2349 644 2401 Caesar
661 2350 757 2401 Asiam
781 2350 962 2418 finitimasque
983 2352 1139 2425 provincias

114 2421 344 2476 administrandas
351 2417 516 2480 tradiderat,
534 2421 624 2478 venit,
638 2427 753 2484 oratum,
769 2437 804 2470 nc
820 2421 978 2471 Armeniam
995 2422 1139 2483 minorem,

114 2511 232 2562 regnum
250 2503 343 2552 suum,
368 2509 435 2543 neec
456 2489 676 2560 Cappadociam,
700 2507 814 2558 regnum
831 2491 1032 2552 Ariobarzanis
1050 2494 1139 2562 possi.

115 2565 180 2618 deri
197 2563 352 2630 vastariqne
369 2566 513 2632 pateretur
531 2579 547 2612 a
563 2560 719 2612 Pharnaces
745 2571 798 2630 quo
817 2559 889 2611 malo
908 2563 960 2614 nisi
987 2563 1139 2615 liberaren-

113 2642 181 2694 tur,
213 2635 347 2703 imperata
366 2633 523 2691 sefacere,
546 2632 742 2701 pecuniamque
768 2632 928 2700 promissam
948 2632 1064 2684 Caesari
1085 2651 1139 2685 non

113 2721 198 2778 posse
224 2703 393 2775 persolvere.
439 2702 576 2753 Domitius
602 2703 711 2753 nuntios
739 2703 882 2764 confestim
907 2703 1139 2755 ad'Pbarnacem

113 2777 200 2835 misit,
218 2774 351 2826 Armenia
370 2772 601 2844 Cappadociaque
621 2773 779 2832 decederet,
798 2774 966 2842 propiusque
984 2791 1029 2825 eas
1047 2775 1138 2842 regio·

114 2865 166 2900 uos
180 2864 240 2897 cum
253 2845 376 2897 exercitu
390 2845 514 2899 accessit.
549 2843 649 2911 Legati
664 2843 834 2895 anarnace
847 2858 979 2912 responsa
997 2843 1138 2896 reseruata

117 2917 299 2986 Cappadocia
317 2932 346 2966 se
365 2914 528 2974 decessisse,
555 2915 715 2966 Armeniam
731 2915 864 2964 minorem
882 2914 1038 2982 recepisse,
1058 2931 1138 2982 quam

41 3003 44 3012 ’
137 2994 232 3039 aterno
250 2987 357 3037 nomine
371 2985 435 3058 jure
454 2985 579 3038 obtinere
599 2986 727 3036 deberet:
747 2985 863 3052 denique
882 2982 940 3054 ejus
958 2983 1037 3050 regni
1057 3001 1138 3035 causa

113 3065 227 3126 integra
246 3055 361 3108 Caesari
379 3063 545 3112 servaretur.
563 3057 718 3106 'Domitius
735 3070 916 3122 perseverare
935 3054 1035 3122 coepit,
1054 3059 1086 3104 ut
1105 3071 1138 3105 eo
1159 3096 1165 3106 .

113 3146 225 3200 quoque
243 3143 329 3194 regno
349 3125 506 3186 decederet,
525 3134 613 3193 ireque
633 3127 703 3175 enisu
721 3125 796 3174 aliud
807 3125 852 3195 jus
868 3139 926 3174 esse
943 3121 1137 3191 Cappadociae

114 3207 200 3268 utque
218 3198 374 3250 Armeniae.
403 3196 599 3264 Compluribus
616 3195 727 3246 interim
744 3193 928 3260 legationibus
953 3194 1059 3254 missis,
1080 3200 1137 3245 tan·

115 3271 180 3322 dem
197 3285 286 3337 prope
302 3267 458 3336 Nicopolim
475 3267 642 3317 commissam
655 3271 697 3316 est
709 3265 855 3332 proelium,
876 3281 910 3314 ea
923 3279 976 3332 quo
990 3264 1137 3324 Domitius,

113 3340 233 3392 Pontica
246 3340 357 3408 legione
369 3355 455 3406 paene
475 3343 534 3387 tota
552 3337 661 3393 amissa,
674 3339 865 3402 inagna-parte
879 3335 1008 3405 llejotari
1021 3335 1138 3387 militum

111 3412 281 3470 interiecta,
308 3408 454 3460 itineribus
471 3407 537 3458 tutis
555 3423 606 3476 per
626 3403 831 3482 Cappadociam
847 3423 883 3456 :se
901 3405 931 3455 in
947 3406 1042 3456 Asiam
1061 3420 1137 3456 rece·

109 3482 166 3552 pit.
201 3481 276 3531 Bell.
293 3481 375 3530 Alex.
394 3477 518 3531 sss-40.
538 3475 726 3528 -=›Confecto
744 3475 934 3528 Alexandrino
954 3475 1047 3534 bello,
1067 3475 1137 3526 Cae-

111 3569 161 3604 sar
185 3551 213 3602 in
232 3551 342 3619 Syriam
365 3565 398 3600 ex
414 3549 562 3618 Aegypto,
586 3555 632 3606 et,
653 3547 747 3616 paucis
759 3561 761 3568 ’
774 3547 871 3600 diebus
894 3547 922 3596 in
944 3563 975 3598 ea
987 3547 1138 3614 provincia

104 3622 282 3680 consumis,
318 3623 346 3672 in
365 3619 491 3671 Ciliciam
504 3626 596 3687 etque
616 3617 820 3687 Cappadociam
843 3617 926 3672 venit.
964 3615 1055 3683 Quum
1072 3633 1136 3685 pro·

110 3695 176 3764 pius
193 3691 310 3742 Pontum
327 3691 448 3760 finesque
468 3689 681 3758 Gallograeciae
699 3689 883 3749 accessisset,¹
894 3688 1061 3758 Dejotaruss
1090 3687 1136 3737 de·

110 3763 214 3836 positis
229 3763 314 3830 regiis
330 3760 491 3830 insignibus,
509 3777 597 3829 neque
615 3765 719 3811 tantum
731 3757 968 3828 privato·vestitu,
987 3757 1037 3807 sed
1055 3755 1137 3808 etiam

110 3851 225 3886 reorum
240 3833 352 3892 babitu,
372 3833 407 3883 ad
426 3831 575 3883 Caesarem
592 3831 685 3890 venit,
704 3834 828 3890 oratum,
847 3836 880 3882 ut
895 3828 949 3879 sibi
966 3828 1135 3894 ignosceret,

111 3905 190 3974 quod
206 3905 236 3954 in
253 3921 285 3954 ea
300 3910 381 3972 'parte
398 3904 504 3972 positu's
519 3909 673 3960 terrarum,
692 3917 770 3968 ‘qnae
784 3901 861 3952 nulla
876 3899 1016 3971 praesidia
1035 3897 1135 3949 Caesa·

109 3977 154 4027 ris
179 3973 333 4034 habuisset,
368 3974 534 4026 exercitibus
557 3971 733 4040 imperiisque
759 3972 788 4022 in
812 3970 865 4022 Cu.
888 3968 1135 4038 Pompeiicastris

108 4046 226 4106 suisset3
252 4061 342 4116 neque
370 4046 440 4096 euim
464 4061 493 4096 ae
513 4043 634 4115 judicem
654 4042 781 4096 debuisse
806 4040 1135 4093 e'ssesoontroreraiarum

109 4116 211 4188 populi
229 4115 264 4166 lt.
283 4116 335 4168 aed
350 4129 450 4185 parere
468 4113 664 4185 praesentibus
677 4113 808 4182 imperiis.
845 4111 953 4164 Contra
968 4110 1134 4179 quethae·

110 4205 180 4246 aar,
207 4203 287 4254 quum
307 4186 426 4256 plurima
444 4193 497 4237 'sua
515 4190 753 4237 commemorasset
773 4181 880 4242 officia,
908 4199 978 4250 quae
996 4180 1091 4232 consul
1108 4180 1134 4230 ei

109 4259 235 4309 decretis
261 4257 380 4327 publicis
403 4255 561 4310 tribuisseta
590 4269 722 4324 quumque
745 4253 930 4304 defensionem
952 4252 1011 4321 ejus
1029 4250 1132 4302 nullam

132 4345 194 4379 osse
214 4328 411 4380 excusationem
426 4328 484 4397 ejus
498 4321 697 4396 imprudentiae
713 4325 839 4393 recipere
851 4323 1039 4390 coarguisseta
1059 4320 1133 4390 quod

108 4345 195 4453 domo
208 4405 300 4452 tautae
315 4400 479 4468 prudentiae
494 4417 525 4452 ac
541 4395 699 4465 diligentiae
713 4395 792 4448 taire:
799 4393 942 4466 potuisset,
961 4393 1024 4462 qaia
1030 4391 1131 4444 urben
