2854 5024
347 363 428 420 nno
447 364 535 421 sax.
553 325 707 421 uosmo
725 364 924 422 morso.
1030 443 1032 453 y
1130 367 1187 446 51<

8 579 11 590 ,
73 537 113 602 in
135 533 229 596 cuins
252 527 316 594 tide
339 534 407 596 sint
433 539 467 594 ct
498 533 673 597 clientelas
711 532 792 595 milri
819 535 954 610 crode„
975 535 1117 620 aliquem
1144 533 1187 598 do

74 621 241 682 societate
263 627 319 679 tua
340 617 507 698 reperics3
531 627 588 692 ct,
611 617 772 701 quidquid
794 626 831 680 tu
854 627 969 680 contra
992 620 1128 693 dixeris,
1150 620 1188 684 id

73 727 153 764 cum
176 701 369 762 defensione
391 709 504 763 nostra
524 701 736 762 contendito»
748 702 795 762 its
817 703 972 766 facillime
996 725 1093 766 consa
1111 703 1187 766 Sex.

72 785 195 850 Roscii
217 807 289 846 cum
311 794 367 847 tun
391 785 588 848 conteretur.
632 784 747 858 Iliccs,
769 786 850 868 quid
864 795 995 868 postes,
1018 787 1047 848 si
1063 786 1238 850 Romaest

32 873 40 886 “
74 871 231 934 assiduus
254 869 329 928 fuit
370 867 614 948 Respondebo,
649 877 681 928 at
706 889 766 948 ogo
790 871 920 932 omnino
942 893 1010 932 non
1030 870 1088 932 fui.
1131 871 1189 934 Fo-

71 964 170 1027 teor,
192 974 241 1012 me
266 959 428 1012 sectorem
451 972 543 1025 csse3
565 972 676 1012 serum
698 961 732 1014 ct
753 952 810 1013 ulii
831 953 935 1016 multi.
978 955 1024 1016 At
1046 975 1128 1035 ego,
1150 962 1189 1016 ut

72 1046 149 1098 tute
174 1036 296 1116 arguis,
319 1033 463 1115 agricola
485 1044 519 1097 ct
540 1037 694 1098 rusticus.
738 1034 813 1096 Non
835 1037 1004 1110 continuo,
1030 1037 1060 1098 si
1080 1058 1130 1098 mc
1152 1037 1189 1100 in

74 1143 210 1202 gregem
232 1119 424 1200 sicariorum
446 1118 592 1193 contuli,
615 1140 685 1182 sum
707 1117 856 1180 sicarius.
886 1128 919 1182 ut
942 1141 1002 1202 cgo
1024 1121 1189 1202 profecto,

75 1205 134 1288 qni
157 1223 200 1264 nc
222 1204 301 1280 novi
324 1202 454 1285 quidem
499 1223 571 1262 ucm
595 1223 667 1264 nam
691 1201 858 1276 sicarium,
891 1203 989 1284 longe
1013 1204 1125 1266 absum
1147 1205 1189 1266 ab

77 1287 241 1349 eiusmodi
274 1285 420 1351 crimine.
469 1225 636 1346 licrmrilta
668 1292 784 1359 sunt,·
812 1307 894 1368 quac
928 1287 998 1348 dici
1025 1295 1188 1368 possunt,

79 1393 181 1454 quare
204 1369 422 1450 intelligatur,
445 1390 597 1430 summum
618 1367 680 1442 tibi
702 1368 893 1430 facultatem
913 1371 1016 1432 luisse
1036 1371 1190 1433 maleficii

78 1454 303 1535 suscipiendi:
327 1473 409 1536 quse
433 1473 500 1513 non
520 1452 616 1514 modo
636 1452 765 1520 idcirco
787 1461 974 1534 praetereo,
997 1454 1089 1536 qnod
1104 1454 1190 1535 taip-

80 1560 149 1598 sum
178 1560 244 1600 non
270 1537 415 1598 libenter
437 1557 578 1616 accus03
610 1558 721 1602 rerum
743 1558 781 1598 co
804 1537 905 1618 magis
929 1537 1045 1609 ctiam,
1079 1536 1189 1619 quod,

80 1622 108 1681 si
132 1623 172 1681 de
195 1620 265 1682 illis
288 1620 445 1680 caedibus
468 1617 565 1680 velim
587 1641 853 1693 commemorare,
884 1642 967 1704 quac
989 1627 1058 1682 tum
1078 1622 1187 1681 lactac

80 1713 159 1764 sunt
179 1705 244 1766 ista
277 1705 390 1764 cadem
419 1703 573 1777 ratione,
612 1726 676 1787 qua
697 1705 772 1764 Sex.
795 1703 936 1764 Roscius
961 1704 1092 1765 occisus
1115 1712 1187 1778 cst,

81 1809 218 1862 vereor,
240 1809 280 1848 nc
304 1789 345 1847 ad
366 1785 478 1867 plures
502 1788 607 1850 oratio
630 1807 701 1848 mco
720 1787 887 1867 pertinere
909 1786 1070 1848 videntur.

146 1872 226 1931 (lar.
245 1869 406 1930 XXXIV.
451 1871 627 1932 Videamus
651 1892 736 1930 nunc
759 1869 919 1943 strictim,
952 1870 1039 1931 sicut
1063 1878 1184 1945 cetera,
1194 1870 1236 1928 911

88 1975 168 2036 quac
199 1962 274 2035 post
300 1961 437 2014 mortem
464 1956 539 2015 Sex.
561 1953 677 2017 Roscii
709 1954 767 2014 abs
789 1961 846 2026 tc,
879 1953 919 2013 Τ.
941 1953 1066 2027 Rosci,
1099 1955 1189 2016 lacta

90 2045 184 2096 sunt:
208 2059 285 2120 quoe
307 2038 356 2096 ita
379 2046 492 2116 opertu
514 2046 547 2100 ct
568 2037 860 2110 manifestarunt,
893 2045 928 2098 ut
949 2037 1188 2112 mediusfidius,

83 2119 231 2193 iudices,
252 2121 375 2183 invitus
399 2142 438 2180 ca
460 2121 573 2182 dicum.
606 2143 722 2183 vereor
744 2121 847 2194 cnim,
877 2121 1075 2182 cuicuimodi
1089 2119 1116 2202 ²)
1139 2141 1188 2194 cs,
1235 2144 1237 2159 ·

82 2201 121 2270 Τ.
142 2203 264 2278 Rosci,
304 2225 346 2264 ne
376 2203 423 2264 its
452 2203 539 2266 hunc
568 2205 681 2268 videar
708 2204 855 2266 uoluisse
879 2226 1032 2279 servaro,
1053 2213 1104 2270 ,ut
1126 2203 1190 2266 tihi

79 2287 209 2347 omnino
232 2308 299 2346 non
321 2288 534 2368 pepercerim.
578 2290 661 2352 (lum
690 2289 754 2350 hoc
783 2309 917 2362 vercor,
949 2296 982 2350 ct
1006 2288 1103 2370 cupio
1124 2287 1190 2351 tihi

79 2369 190 2454 aliqua
212 2391 253 2431 cx
275 2379 392 2451 purte,
415 2372 504 2454 quod
526 2372 618 2435 solva
638 2373 702 2434 fide
725 2371 866 2454 possim,
889 2393 1042 2452 parcere,
1073 2392 1187 2432 rursus

77 2453 211 2514 immuto
244 2454 447 2516 voluntatem
475 2478 585 2516 meam.
627 2457 730 2518 Venit
761 2456 845 2516 euim
872 2456 954 2516 mihi
981 2457 1016 2516 in
1045 2463 1187 2516 montem
1279 2455 1281 2462 ’

77 2537 144 2597 oris
167 2537 228 2597 tui.
272 2538 301 2598 T
305 2561 385 2612 ene,
409 2561 480 2600 cum
503 2539 607 2599 ceteri
623 2539 706 2606 socii
723 2540 772 2600 tui
789 2542 999 2620 sugerentac
1019 2561 1054 2600 sc
1074 2538 1186 2600 occul·

74 2621 207 2696 tarent,
244 2631 281 2682 ut
312 2623 375 2682 hoc
403 2623 560 2686 iudicium
581 2623 710 2684 non-dc
732 2623 863 2684 illorum
884 2622 1030 2704 pracda,
1061 2622 1185 2684 sedda

72 2703 175 2764 liuius
198 2703 357 2766 maleficio
380 2705 451 2764 ficri
466 2706 871 2786 videretur,.potissimum
889 2707 952 2770 tibi
973 2718 1083 2786 partes
1101 2705 1184 2766 istas

75 2777 337 2868 depoposcisse,
378 2797 414 2848 ut
443 2789 478 2849 in
507 2790 632 2851 iudicio
661 2811 848 2864 versarere,
885 2797 919 2850 ct
948 2790 1082 2850 scdcrcs
1113 2810 1186 2849 cum

75 2871 298 2930 accusatore?
336 2895 398 2956 qua
418 2872 455 2932 in
476 2895 510 2932 rc
533 2873 618 2940 nihii
639 2873 731 2938 aliud
754 2873 964 2956 assequeris,
997 2872 1122 2943 nisi-ut
1145 2871 1185 2930 ab

76 2953 230 3015 omnibus
253 2955 445 3014 mortalibus
462 2955 598 3016 audacia
617 2963 671 3016 tua
688 2965 906 3036 cognoscatur
924 2966 957 3015 ct
972 2954 1185 3036 impudentia.

75 3037 204 3096 Occiso
222 3038 297 3096 Sex.
314 3038 451 3112 Roscio,
475 3040 530 3122 qui
548 3041 669 3120 primus
691 3040 852 3100 Ameriam
870 3038 1026 3100 nuntiat?
1048 3031 1247 3098 Malliusuu‘

75 3119 242 3194 Glaucia,
275 3143 369 3202 quem
390 3121 454 3182 iam
477 3131 573 3183 antea
595 3124 780 3208 nominavi,
812 3131 887 3182 tuus
912 3123 1016 3184 cliens
1040 3130 1074 3181 ct
1096 3121 1187 3180 fomi-

135 3277 165 3345 1)
185 3277 343 3348 cujusmodi.

74 3422 148 3473 Siue
165 3423 276 3472 invicem
293 3430 429 3480 accusant,
447 3425 505 3474 sive
521 3425 620 3474 crimea
636 3441 697 3474 rcus
715 3424 786 3474 citra
800 3424 996 3476 accusationem
1012 3416 1044 3476 ia
1059 3421 1186 3476 aduersa·

72 3496 150 3546 riam
164 3493 254 3552 vortit,
274 3501 304 3542 ut
319 3493 434 3543 Roscius
451 3496 479 3544 ia
497 3503 667 3548 accusatores
685 3512 756 3554 suos,
776 3497 896 3560 qaarnois
914 3513 974 3547 raas
993 3514 1046 3545 οοιι
1059 3495 1185 3565 ficisset,

73 3583 133 3615 non
152 3564 251 3622 alitor,
278 3557 357 3631 Quam
373 3565 400 3612 ia
416 3566 469 3623 iis,
494 3584 562 3632 quac
580 3569 697 3615 mutuam
714 3568 910 3618 accusationem
926 3565 1059 3631 labeant,
1086 3569 1185 3616 utricu-

73 3653 129 3703 que
144 3636 234 3703 partis
251 3642 407 3706 arpumcnta
425 3636 498 3684 iater'
511 3655 539 3686 sc
556 3643 752 3705 comparantur.
1013 3691 1016 3696 .

131 3706 157 3772 5.
177 3704 226 3756 91.
262 3707 397 3756 contiuuo.
435 3704 516 3763 Orat.
534 3706 575 3757 ΙΙ.
591 3707 615 3774 5
634 3705 710 3758 199:
746 3705 789 3755 Ac
806 3707 831 3755 si
853 3704 920 3755 illac
937 3704 1082 3757 seditiones
1100 3706 1187 3758 saluti

72 3777 141 3828 huic
160 3777 267 3826 ciuitati
280 3776 411 3844 tuissent,
431 3795 483 3827 ιιοιι
501 3779 642 3836 continuo,
670 3779 770 3843 siquis
790 3785 874 3826 motus
890 3779 983 3848 populi
998 3777 1089 3844 factus
1108 3785 1185 3837 esset,

72 3847 107 3898 id
117 3845 151 3895 C.
163 3846 289 3896 Norbano
308 3849 338 3896 in'
352 3844 457 3916 aesario
472 3849 579 3899 crimine
595 3857 675 3916 atque
692 3846 720 3898 in
729 3847 829 3924 [raude
841 3849 962 3922 capitali¹
974 3857 1014 3898 est
1025 3848 1186 3918 portandum.

72 3937 102 3972 v.
122 3915 210 3966 Tusc.
227 3916 277 3968 111
295 3917 342 3968 lss.
1023 3962 1026 3966 .

132 3987 275 4038 XXXIV.
293 3987 343 4038 95.
362 3981 523 4038 cuicuimodi
537 4007 591 4058 pro
607 3975 847 4060 cujuscujusmodi.
867 3987 957 4041 Prisc.
967 3987 1102 4060 XIIqu·
1113 3987 1185 4040 959.

73 4055 247 4128 quiquimodi
263 4060 344 4109 estin
360 4060 441 4110 Parr.
458 4060 534 4110 mcll.
707 4113 710 4120 ,
857 4086 860 4092 ·
946 4089 950 4096 ·
1006 4119 1008 4126 γ
1071 4101 1082 4125 ι.

113 4127 183 4178 'itu
220 4128 305 4180 Verr.
321 4129 366 4179 lv
381 4130 438 4181 672
457 4132 497 4179 ita
507 4139 605 4200 ‚taurea
616 4129 734 4188 laudent,
754 4137 784 4178 at
797 4129 884 4190 Heius
899 4127 991 4202 adsit...
1000 4147 1026 4181 v.
1039 4129 1067 4178 V
1084 4125 1132 4178 ⁷1.
1149 4127 1186 4178 ud

74 4198 268 4268 Qu.fr.1.2
288 4207 375 4250 extu:
414 4196 517 4262 Quibus
532 4191 580 4270 riso
599 4203 640 4251 ita
659 4199 756 4257 credo,
787 4199 956 4254 atailcildc
975 4219 1031 4250 raca
1048 4216 1185 4268 compara·
1254 4253 1257 4258 ,

73 4275 154 4323 tione
171 4267 325 4320 diruiuuam.
362 4288 386 4323 v.
402 4271 447 4320 IV
466 4271 528 4322 cat.
546 4257 580 4331 V,
602 4271 649 4323 15.
667 4291 696 4342 p.
714 4257 787 4321 usur.
803 4269 837 4329 5,
857 4269 885 4322 5.
1033 4261 1044 4270 Η
1081 4325 1084 4330 ,

127 4347 233 4410 pantes.
260 4360 288 4410 p.
309 4341 416 4392 Scauro
432 4340 467 4391 5:
502 4339 688 4400 Fucrautaac
702 4349 796 4412 partes
811 4339 860 4390 urit
874 4339 940 4408 ejus,
960 4331 1035 4408 qiccm
1046 4337 1079 4388 id
1093 4335 1184 4408 facere

72 4413 160 4465 dolor
176 4417 204 4461 ct
219 4413 335 4481 susspicio
353 4429 403 4464 sua
419 4413 522 4482 coepit,
548 4421 596 4464 aut
613 4413 688 4484 ejus,
713 4413 760 4478 qui
779 4411 829 4462 tas
843 4407 1004 4484 sibi'pa'rtas
1021 4409 1182 4480 depoposcit.
1278 4421 1282 4428 ·

72 4503 101 4538 v.
116 4501 207 4554 snpra
223 4500 247 4537 c.
261 4483 309 4565 15.
324 4500 352 4554 p.
365 4483 459 4534 Bulbo
477 4482 504 4536 1.

213 4563 220 4598 ι
