2824 5018
467 357 562 412 uno
590 358 623 410 L.
649 354 864 414 nunnus.
1134 362 1218 438 557

112 521 207 604 ‚quod
233 519 427 604 conceptum
455 523 643 606 respublica
671 522 869 606 periculum?
874 528 1042 606 parturit,
1077 526 1270 598 consiliatis

115 605 291 666 discutiam
314 614 348 674 et
371 607 592 689 comprimam!
625 607 694 668 sed
720 607 800 691 quid
819 609 1052 692 tandumlist,
1083 609 1220 676 si-bccc
1312 623 1315 628 '

38 723 39 726 =
116 687 230 770 elapsa
247 688 287 748 de
304 689 452 750 manibus
469 691 605 764 nostris,
626 690 662 751 in
679 712 753 760 eum
767 692 1220 777 anuuma'nquiocuscrpuitur,

114 771 358 834 redundarint?
379 772 471 834 Unus
496 773 559 836 erit
579 773 707 849 consul,
730 782 763 835 et
780 773 809 835 is
829 795 895 836 uon
910 775 946 836 in
962 775 1219 842 administrando

114 855 225 929 bello,
247 855 316 916 ced
336 854 370 914 in
392 856 581 918 sufficiendo
603 857 733 938 collega
752 863 946 938 occupatus.
967 861 1057 928 ,buno
1077 861 1141 924 iam
1163 861 1220 943 qui

114 938 307 1020 impedituri
319 939 398 1012 sint,
414 939 453 963 ¹*
473 943 533 1002 illu
545 943 646 1024 pestis
665 943 827 1016 immunis,
848 940 1033 1025 importuna
1055 942 1221 1006 Catilinae

114 1023 361 1106 perrumpet¹)‚
407 1044 447 1083 ua
467 1027 613 1106 poteriis
637 1026 1039 1106 etidmpopnlo.1iomuno
1058 1025 1218 1088 minatnra

115 1107 151 1165 iu
177 1127 271 1186 agros
298 1045 500 1168 subuiianos
528 1115 665 1189 repente
688 1107 870 1170 advolabit:
892 1110 1078 1176 versabitur
1096 1112 1130 1170 in
1151 1131 1219 1172 ous-

107 1191 176 1250 *tris
203 1190 313 1263 furor,
349 1190 383 1272 iu
404 1190 494 1252 curia
512 1189 628 1265 timor,
656 1191 693 1254 in
716 1193 787 1253 foro
811 1190 1028 1266 coniuratio„
1043 1193 1223 1274 {orscampo'

111 1271 302 1346 tereremus,
334 1271 370 1332 iu
394 1274 482 1354 agris
501 1274 658 1335 vastitasa
691 1272 907 1346 cruciantem
929 1275 1119 1338 insedere
1141 1276 1218 1340 loco

117 1357 237 1417 ferrum
255 1357 473 1440 flammamque
491 1365 680 1420 metuamus.
723 1357 815 1436 Quae
835 1357 958 1421 iamdiu
980 1367 1218 1442 comparantur,

109 1439 311 1506 cademista
331 1440 451 1515 omnia,
474 1441 504 1500 si
521 1453 637 1503 ornata
654 1441 722 1503 suis
740 1439 917 1528 praesidiis
935 1442 1001 1520 ¹erit
1018 1442 1218 1522 respublica,

116 1521 215 1582 facile
233 1531 275 1582 et
296 1522 543 1602 magistratuum
563 1525 732 1600 consiliis,
764 1535 799 1590 et
820 1524 1020 1609 privatorum
1044 1524 1218 1607 diligentia

117 1603 370 1686 comprimentur
380 1603 420 1683 ²).

182 1688 260 1748 (lar.
283 1687 428 1752 XXXX.
470 1688 562 1767 Quae
583 1709 653 1750 eum
671 1690 720 1751 ita
737 1689 816 1764 sint,
837 1691 977 1766 iudices,
999 1693 1135 1775 primum
1154 1692 1268 1754 rei-8⁶

115 1771 269 1852 publicae
289 1791 409 1844 ‘oasrsa,
439 1794 502 1855 qua
519 1772 609 1832 n'ulla
634 1793 687 1833 res
710 1773 858 1855 cuiquam
880 1776 993 1856 potior
1013 1775 1114 1837 debet
1132 1795 1217 1850 esse,

116 1849 188 1928 vos,
210 1875 269 1935 pro
290 1875 360 1915 mea
382 1876 504 1931 summa
525 1863 558 1917 et
576 1855 670 1916 vobis
693 1855 822 1935 cognita
839 1855 875 1916 in
891 1857 1123 1940 rempublicam
1143 1858 1218 1920 dili·-

115 1936 244 2019 gentie‚
264 1958 394 2010 moneo,
414 1959 474 2020 pro
487 1939 682 2006 auctoritate
696 1939 861 2001 consulari
870 1939 996 2014 hortor,
1018 1963 1078 2023 pro
1094 1941 1217 2023 magni·

111 2019 231 2082 tudine
252 2020 393 2102 periculi
416 2022 583 2098 obtestor,
615 2021 765 2096 utorio,
793 2029 831 2083 ut
849 2023 942 2105 paci,
973 2032 1010 2086 ut
1024 2025 1150 2098 ,saluti3
1176 2034 1217 2088 ns

114 2104 203 2165 vitae
231 2110 361 2164 'vestrae
384 2112 418 2165 et
439 2113 619 2167 ceterorum
641 2105 760 2166 ciuium
781 2105 980 2168 consulatis:
1010 2105 1130 2169 deinde
1156 2128 1216 2188 ago

113 2188 212 2252 fidem
226 2186 430 2270 vestram³)‚
453 2189 635 2252 defensoris
654 2197 688 2250 et
705 2189 801 2252 amici
818 2189 930 2252 officio*
941 2190 1123 2266 adductus,
1156 2209 1216 2252 oro

1116 2327 1218 2345 ,uu-*-

169 2396 199 2464 l)
217 2401 389 2466 prorumpet.
425 2392 457 2464 2)
476 2397 675 2486 opprimentur.
712 2396 743 2464 ὅ)
761 2397 843 2452 tidem
857 2407 978 2452 aetham
991 2399 1036 2454 vel
1052 2399 1108 2452 stet.

170 2540 317 2595 discutiam.
355 2542 391 2592 ad
402 2542 463 2592 Ati.
477 2539 511 2590 11
526 2539 583 2592 tt:
619 2541 702 2590 Modo
715 2541 820 2593 caedem
836 2545 1015 2602 timueramus,
1032 2547 1114 2612 quam
1127 2543 1215 2594 cretio

1 2655 2 2660 ,
115 2607 258 2682 fortissimi
280 2613 351 2662 serris
376 2610 410 2673 Q.
437 2608 559 2662 Corssidii
583 2610 753 2664 discusserat.
787 2612 891 2664 «lustin.
908 2615 941 2664 II
959 2621 1047 2666 exim:
1077 2613 1216 2665 Aristides
1263 2679 1266 2684 Ι

117 2681 236 2752 calleque
248 2681 442 2750 [Pescenniae]
459 2683 598 2732 conatibus
614 2683 720 2732 obuiam
736 2682 830 2744 eundo,
849 2684 929 2734 simui
948 2692 975 2735 et
992 2687 1020 2736 in
1037 2702 1092 2735 rem
1106 2687 1216 2752 sapien·

117 2761 159 2804 ter
172 2752 344 2812 consulendo,
360 2753 523 2823 proditionis
539 2754 654 2803 condlia
666 2752 801 2806 discussit.
838 2755 914 2806 Vell.
931 2754 1017 2806 1181
1035 2771 1096 2824 prm
1116 2753 1216 2805 satira

115 2824 249 2875 exereitus
260 2825 357 2876 reditio
366 2826 468 2894 partim
479 2825 631 2882 severitate,
647 2825 748 2893 partim
761 2823 927 2878 liberalitate
939 2824 1062 2876 discussa
1072 2826 1214 2894 principit.

167 2893 352 2946 redundarint.
387 2912 412 2947 v.
429 2913 456 2964 p.
471 2893 533 2948 Mil.
547 2894 570 2962 5.
587 2894 654 2947 105.
672 2913 700 2963 p.
714 2894 776 2962 big.
793 2895 818 2963 ᾗ.
835 2894 864 2950 8.
899 2885 983 2946 Adde
1000 2895 1081 2946 (irat.
1098 2895 1160 2954 Η,
1180 2895 1214 2948 ὅ.

115 2965 176 3015 Hoc
193 2973 292 3034 tempus
311 2983 383 3015 omne
398 2973 459 3034 posi
474 2966 640 3015 cumulatum
656 2965 796 3034 objecimus
812 2966 845 3015 iis
858 2964 1002 3036 fluetibus,
1033 2965 1080 3034 qui
1099 2983 1152 3036 per
1163 2983 1213 3016 rios

115 3054 134 3086 a
147 3037 276 3088 communi
287 3044 361 3104 peste
379 3035 499 3104 depulsi,
518 3036 547 3086 iu
560 3037 732 3104 nosmetipsos
742 3034 941 3086 redundarunt.

167 3105 259 3174 imped.
284 3108 348 3157 sint.
384 3105 474 3157 Locus
494 3106 614 3157 mutilus.
650 3105 684 3155 In
703 3101 784 3161 Pari.
805 3112 833 3156 et
859 3107 1026 3159 cettrcodd.
1050 3113 1093 3157 est
1115 3105 1213 3156 lacuna

115 3177 230 3228 duorum
246 3176 291 3228 rel
306 3179 388 3230 trium
404 3193 538 3229 uersuum.
574 3173 761 3242 Pantagathus
776 3176 882 3245 adjecit
894 3175 1001 3234 uidetis,
1023 3181 1051 3227 et
1065 3174 1217 3236 Lambinus

112 3247 141 3298 iu
160 3247 202 3299 ed.
220 3245 300 3299 1566
316 3249 409 3316 parati
422 3253 491 3302 sunt.
528 3245 626 3297 Verba
637 3246 695 3297 itta
735 3246 799 3296 estis
820 3248 942 3298 immunis
960 3263 1013 3296 uon
1032 3245 1170 3298 habentur
1186 3248 1214 3297 iu

113 3317 194 3370 Parr.
208 3317 236 3369 li.
254 3317 281 3369 7.
295 3319 343 3369 Fr.
361 3317 435 3370 01¹.
472 3315 516 3368 Ex
527 3316 599 3366 Part·
614 3314 640 3367 4.
658 3315 685 3368 8.
727 3316 838 3368 .tribus
855 3317 926 3368 Pall.
943 3316 973 3368 S.
984 3317 1120 3376 Victoris,
1140 3315 1214 3368 051.

27 3407 32 3416 ·
112 3387 184 3440 Ven.
205 3387 285 3440 1455
306 3394 449 3457 receptum
470 3393 512 3438 est
537 3384 675 3438 Catilinae
691 3395 860 3457 perrumpet,
885 3402 939 3458 pro
956 3404 1009 3455 qua
1026 3387 1091 3439 leet.
1109 3385 1214 3450 Pas-fi

115 3466 142 3512 et
157 3459 257 3512 Franc.
272 3459 410 3529 praebent
430 3455 553 3509 Catilina
564 3465 726 3529 prorumpet.
762 3456 798 3508 In
815 3458 880 3513 Pur.
892 3459 921 3516 4.
938 3459 969 3509 S.
981 3457 1056 3511 vict.
1072 3457 1133 3514 Pal.
1147 3463 1216 3515 tert.

114 3533 212 3582 octavo
238 3537 267 3583 et
288 3529 427 3581 nonnullis
450 3530 521 3582 ΟΠ.
547 3530 651 3598 legitur
675 3547 729 3596 qun
744 3536 794 3598 pot
795 3567 889 3587 ......
912 3529 1047 3602 minatur,-
1074 3527 1138 3580 binc
1153 3528 1215 3579 Pal.

114 3601 235 3671 primus,
264 3601 352 3653 (lixis
383 3618 437 3668 qua
451 3601 553 3670 poterit
577 3601 703 3669 [potest]
728 3601 891 3660 minabitur,
921 3607 948 3652 et
964 3600 1025 3651 Pal.
1046 3601 1100 3651 sec.
1122 3597 1214 3650 otu:

112 3689 165 3738 qua
181 3689 242 3742 pop.
262 3671 298 3722 lt.
314 3674 440 3724 minatur.
477 3670 574 3722 Verba
592 3671 620 3721 in
638 3670 736 3722 caruis
757 3671 857 3723 absunt
879 3690 895 3722 a
909 3672 973 3727 Par.
990 3669 1020 3722 4.
1046 3675 1074 3722 ei
1091 3667 1165 3721 Οἱς.
1180 3698 1214 3710 —·-

113 3741 169 3794 Pro
192 3742 312 3810 vulgato'
322 3743 516 3810 opprimentur,
536 3741 669 3810 scriptum
685 3748 728 3793 est
744 3742 930 3814 confirmentur
942 3744 971 3794 in
989 3741 1054 3792 Par.
1063 3739 1094 3792 4.
1107 3740 1136 3791 l.
1145 3738 1173 3792 8.
1186 3739 1213 3790 9.

112 3811 220 3866 Momm.
238 3813 311 3866 05¹.
332 3813 363 3864 S.
380 3813 455 3864 vict.
480 3811 603 3863 omnibus
620 3811 691 3862 Pall.
708 3819 823 3882 praeter
845 3814 925 3883 prim.
952 3814 998 3883 qui
1016 3813 1086 3881 legit
1102 3812 1213 3880 compri-

112 3892 228 3944 mentur,
248 3884 323 3953 quod
333 3883 390 3952 jam
407 3882 556 3935 Lambinus
572 3882 740 3950 conjecerat.
1234 3927 1236 3932 .

120 3975 121 3980 ¹
162 3955 225 4006 XL.
258 3953 338 4026 fidem
350 3960 474 4011 uestram,
491 3953 638 4020 deserueris
648 3959 698 4010 ete.
716 3953 795 4004 llaec
810 3951 905 4012 lectio,
925 3967 1006 4021 quam
1022 3957 1051 4004 et
1064 3951 1212 4003 Ernestiua
1239 3959 1240 3964 ’

110 4041 203 4078 veram
227 4025 350 4095 putarit,
385 4026 510 4094 proxime
535 4025 644 4076 accedit
659 4024 694 4074 ad
714 4023 1047 4091 scripturammcliorum
1065 4022 1212 4104 veodiem3

109 4113 143 4218 ἷέ
159 4093 504 4220 ‘'liltltiitllt‘
533 4091 1225 4234 ..filiii‘latltlrtattrltt'tttls
1333 4135 1336 4142 ’

110 4237 182 4292 Pell.
201 4237 436 4291 alteriusllianut.
460 4237 515 4294 Gn.
534 4255 568 4288 m.
589 4255 644 4289 sec.
666 4236 756 4287 θὴς
779 4233 833 4304 fide
847 4235 878 4290 in
898 4251 946 4284 uos
968 4231 1021 4301 def.
1037 4240 1079 4290 ei,
1104 4231 1169 4283 Par.
1184 4229 1213 4282 9.

112 4309 186 4362 01¹.
211 4309 316 4362 Manat.
340 4310 418 4362 tertii
444 4317 526 4380 etque
552 4307 615 4358 edd.
638 4311 722 4359 vett:
755 4305 835 4376 {idem
856 4311 972 4374 uestrum
993 4303 1036 4355 uel
1058 4300 1111 4376 defi
1128 4310 1155 4352 et
1179 4319 1212 4351 ex

112 4380 273 4448 compendio
297 4379 376 4432 uerbi
399 4388 505 4432 uestrae
527 4385 603 4432 ortas
625 4395 699 4434 esse,
726 4394 805 4428 nemo
827 4385 880 4427 utu
903 4376 987 4430 ridet.
1030 4373 1081 4426 sic
1107 4373 1212 4439 legitur
