2824 5018
358 375 360 384 ⁴
417 372 511 428 ruo
537 371 570 426 u.
597 369 812 426 nunnus.
1082 371 1167 446 487

75 537 132 606 ,ui
155 529 318 598 coruinum
339 537 451 599 oeulos
475 538 663 611 confixerit,
686 547 719 600 et
740 535 876 618 singulis
900 537 1013 598 diebus
1037 537 1165 599 discen·

67 559 147 693 dis,
169 621 271 680 fastos
282 619 309 701 1)
330 620 452 703 populo
474 621 701 704 proposuerit,
724 629 756 682 et
779 621 817 681 ab
839 619 919 700 ipsis
944 619 1048 680 cautis
1069 620 1166 682 iuris·

69 701 236 764 consultis
255 724 369 765 eorum
392 705 583 785 sapientiam
607 702 799 786 compilarit.
841 704 956 784 ltaque
987 703 1063 763 irati
1091 703 1163 776 illi,

67 786 164 866 quod
186 793 261 848 suut
283 787 391 858 veriti,
414 809 466 860 ue,
490 784 612 848 dierum
634 788 759 848 ratione
772 785 1006 867 pervulgataet
1022 788 1163 866 cognita,

66 868 146 927 sine
169 890 226 928 sua
248 889 346 948 opero
368 869 439 952 lege
462 879 574 950 posset
597 861 707 952 aqi2),
738 871 836 930 verba
858 870 1014 950 quaedam
1036 891 1163 950 compo-

66 957 231 1024 suerunt,
254 959 289 1012 ut
311 953 458 1013 omnihus
481 955 515 1012 in
535 954 631 1013 rebus
654 951 719 1033 ipsi
739 953 945 1013 interessent.
989 1007 991 1012 s

1065 1089 1163 1102 ..ιω

129 1153 158 1222 i)
184 1119 296 1278 sinqulis
316 1158 412 1209 dicbus
432 1159 591 1210 ediscendus
607 1159 702 1214 fastos.
739 1157 770 1228 2)
787 1165 881 1228 posset
902 1159 963 1226 uqi,
988 1164 1067 1209 notas
1085 1173 1175 1236 quus-V

67 1227 136 1278 dem
152 1245 228 1296 comp
249 1237 369 1279 suerunt.

66 1419 170 1488 aqendi
184 1427 337 1488 peterentur
350 1439 368 1470 a
380 1423 493 1490 pnueis5
521 1439 568 1472 nce
586 1438 648 1473 uero
664 1424 744 1492 pauci
759 1431 819 1472 sum
836 1431 956 1474 auctores
974 1419 1022 1473 Cn.
1036 1419 1162 1473 Flauium

66 1491 188 1540 scritum
217 1489 303 1558 fustor
330 1491 489 1558 protulisse,
526 1495 693 1560 actionesque
718 1497 899 1562 composuisse.
942 1500 970 1545 et
992 1495 1065 1563 opud
1090 1495 1162 1545 Plin.

65 1559 209 1610 xxxln
229 1560 262 1609 i:
299 1560 353 1610 Hie
378 1559 445 1628 [Cn.
462 1561 525 1629 Fa]
546 1563 692 1630 publicatis
708 1563 799 1614 diebus
815 1563 910 1631 fustis,
938 1581 1003 1630 quos
1017 1565 1129 1633 populns
1145 1582 1163 1614 u

62 1631 165 1700 paucis
180 1631 327 1698 principum
343 1632 461 1697 quotidie
474 1635 596 1700 petebat,
622 1641 724 1684 tuntum
737 1635 854 1703 qrntinm
874 1636 961 1704 plebis
979 1634 1089 1703 adeptus
1108 1642 1161 1694 est,

68 1728 104 1739 -
126 1699 210 1768 Appii
224 1697 303 1749 Caeci
321 1703 426 1758 scribe,
451 1703 525 1772 cnjus
549 1702 659 1753 lrortatu
682 1711 821 1771 exceperat
843 1722 886 1754 cos
906 1706 963 1755 dies
988 1705 1160 1756 consultando

67 1771 180 1820 assidue
195 1771 286 1838 suani
301 1772 422 1842 inqenio,
437 1773 721 1843 promulquvcrntque,
739 1781 769 1823 nt
785 1774 882 1824 aedilis
899 1777 999 1826 eurulis
1018 1783 1160 1828 crearetur.

68 1840 203 1890 Additum
215 1841 330 1899 Fluvio,
349 1849 378 1890 nt
391 1843 469 1891 sinml
486 1843 607 1893 tribunus
617 1843 656 1912 pl.
674 1850 749 1892 essct.
1091 1839 1102 1856 ‘

124 1911 277 1980 confixerit,
304 1914 417 1963 eruerit.
453 1929 480 1980 p.
503 1913 605 1964 Flacco
628 1913 685 1964 202
707 1913 776 1962 tilis
798 1909 903 1962 licrcule
923 1915 1022 1964 cornici
1044 1913 1160 1972 oculum.

69 1987 101 2030 nt
118 1981 227 2032 dieitur.
247 1999 306 2030 raum
320 1982 388 2030 hrcrrc
405 1981 591 2051 Hermippum,
610 1983 738 2033 hominem
750 1982 897 2040 eruditum,
922 1987 965 2034 cui
978 1985 1088 2034 delebat
1105 2001 1162 2032 esse

70 2052 239 2108 notissimus,
262 2054 403 2118 percussit.
440 2053 569 2121 Propert.
585 2054 629 2102 lv
648 2053 685 2113 u,
704 2051 767 2118 lli:
804 2052 894 2102 Possit
914 2061 943 2102 ut
967 2055 1081 2103 intentos
1100 2059 1162 2103 astu

71 2138 180 2172 coeeure
207 2123 331 2179 meritos,
366 2121 505 2173 Curriicum
528 2126 650 2174 emeritas
678 2125 747 2173 eruit
773 2140 858 2189 unque
882 2141 973 2192 qenes.
1019 2141 1043 2175 v.
1064 2123 1160 2191 Quint.

72 2191 203 2251 v1115‚
223 2191 261 2242 22
283 2192 312 2242 in
334 2199 399 2244 uota
424 2194 459 2243 sd
473 2192 569 2244 Milon.
593 2195 616 2262 5.
632 2192 681 2245 60.
707 2221 739 2234 --
771 2193 851 2243 Parr.
867 2193 895 2244 4.
910 2191 936 2242 8,
952 2193 980 2244 9.
996 2195 1064 2246 Bar.
1086 2193 1160 2244 04¹.

75 2261 227 2320 eliscendis,
254 2269 284 2313 ut
308 2260 438 2313 discendis
461 2265 606 2332 legendum
623 2264 758 2316 videatur.
795 2262 884 2314 cnud.
904 2265 1051 2315 deterioris
1064 2271 1160 2323 notae,
1253 2259 1256 2268 ’

72 2331 158 2382 Arch.
175 2333 238 2382 Pur.
255 2331 282 2385 7.
298 2331 458 2384 ediscendus.
494 2335 663 2403 Perpernm3
696 2335 763 2401 quid
784 2335 853 2384 cuim
879 2333 932 2386 sibi
958 2337 1026 2387 velit
1047 2332 1160 2404 sinqulis

69 2402 165 2453 diebus
178 2407 344 2470 proponere?
363 2405 443 2454 immo
461 2405 546 2455 iustos
561 2405 715 2472 proposuit,
734 2410 764 2457 ut
780 2405 880 2470 singuli
896 2405 964 2466 dies,
984 2405 1081 2472 quibus
1098 2406 1159 2471 lege

64 2474 749 2611 tt]itti{;.‘.¹.¹.⁸ttf⁰¹¹tt...itittttpt‘lz
764 2474 1159 2596 ”ttlrlt't'ztttttltt

64 2613 164 2671 debet,
191 2630 243 2662 non
257 2633 273 2682 J
282 2613 547 2664 iureconsultus:
575 2615 638 2664 licet
659 2611 714 2665 Cic.
730 2633 756 2682 p.
775 2614 848 2665 Mur.
861 2616 900 2665 itu
915 2615 1034 2685 dixeris
1060 2616 1158 2665 Paullo

63 2689 134 2754 post
155 2681 290 2734 Graevius
309 2701 341 2734 cx
359 2685 457 2735 Frons.
481 2691 508 2735 et
528 2683 616 2751 Naug.
636 2685 742 2754 recepit
757 2685 935 2754 promulqutn.
971 2687 1030 2737 Sed
1045 2703 1069 2736 r.
1087 2685 1159 2736 infru

64 2754 89 2822 ξ.
109 2751 151 2803 26
167 2761 235 2804 extr.
258 2754 337 2805 0rut.
352 2754 371 2803 l.
389 2772 412 2804 c.
431 2755 455 2822 5.
474 2753 547 2806 186.
586 2754 693 2805 Veteres
712 2755 764 2812 illi,
784 2757 829 2821 qui
846 2740 906 2806 duic
923 2755 1014 2827 [juris]
1033 2757 1159 2804 scientiae

60 2821 256 2893 praefuerunt,
288 2825 444 2875 obtinendae
472 2834 551 2892 utque
576 2826 713 2896 unqendne
730 2827 868 2896 potentiue
889 2844 968 2883 sune,
1000 2824 1158 2894 peruulquri

65 2902 155 2945 artem
169 2911 243 2943 sunm
260 2895 408 2946 noluerunt.
714 2907 719 2916 '

122 2963 178 3034 leqe
193 2965 281 3034 possit
298 2968 344 3036 uqi
363 2973 411 3016 etc.
447 2964 569 3032 Vulgata
585 2964 687 3017 lectio:
713 2972 790 3015 notus
807 2963 934 3030 quasdam
951 2969 1159 3031 composuerunt,
1186 2987 1188 2992 ¹

64 3053 83 3085 a
103 3034 232 3085 Victorio
250 3036 277 3084 in
292 3053 326 3087 m.
344 3035 467 3086 Venetae
485 3036 634 3102 adscripta,
652 3053 740 3102 neque
756 3035 888 3083 librorum
905 3039 971 3084 vett.
992 3035 1157 3084 auctoritate

61 3105 202 3164 firmatur,
222 3122 309 3173 neque
328 3123 432 3168 sensum
449 3106 615 3156 commodum
631 3107 755 3174 praebet.
776 3103 945 3170 Quamquam
960 3105 1029 3155 enim
1044 3102 1154 3155 (lunser.

65 3184 96 3226 ct
114 3175 259 3238 Ernestius
276 3177 304 3224 in
322 3175 367 3226 Gi.
385 3175 590 3229 adnotaverint,
619 3182 696 3224 notus
712 3193 769 3224 esse
787 3173 916 3240 formulas
930 3175 1075 3231 actionum,
1102 3191 1156 3224 uon

65 3251 159 3295 autem
175 3246 277 3314 siqlus,
302 3247 347 3296 vel
370 3246 424 3295 ulia
441 3245 534 3312 signu,
561 3245 603 3295 uti
619 3245 764 3295 videbatur
781 3242 917 3294 Graevius
944 3246 1048 3295 nullum
1065 3251 1156 3296 tamen

63 3317 159 3366 locum
174 3315 274 3366 afferre
290 3321 454 3384 potueruut,
481 3331 534 3382 quo
551 3315 596 3366 vel
612 3333 635 3366 v.
655 3322 735 3373 nota,
761 3315 806 3366 vel
830 3314 932 3364 locutio
954 3323 1031 3365 notus
1051 3332 1154 3384 compo-

61 3403 131 3438 nere
147 3384 328 3454 hoc¹quidenr
353 3403 431 3436 sensu
454 3391 643 3453 usurparetur.
672 3413 703 3424 -
740 3383 1060 3440 occupassem.
1081 3385 1154 3436 051.

62 3454 155 3522 Arcti.
170 3457 317 3508 Bonllen.
339 3455 541 3507 titutionem.
568 3454 625 3526 leqe
639 3455 726 3526 possit
741 3454 930 3504 oeroncaeclurn
946 3473 1055 3525 compos.
1091 3456 1155 3506 lam

61 3525 250 3592 intelligitur,
278 3526 410 3577 excidisse
426 3544 450 3577 v.
468 3527 520 3596 uqi.
558 3527 591 3576 Iu
612 3544 668 3593 seq.
690 3526 823 3578 vocabulo
840 3527 925 3593 periit
944 3529 1069 3593 superior
1089 3541 1155 3595 pars

63 3599 168 3648 literae
185 3598 217 3655 lr,
237 3598 310 3664 quod
323 3614 375 3647 non
392 3615 456 3648 roro
474 3597 575 3648 eccidit
589 3598 617 3646 in
633 3597 713 3646 libris
729 3602 796 3647 vett.
834 3597 881 3647 Sic
896 3615 921 3665 p.
940 3596 958 3647 l.
977 3597 1048 3646 Mun.
1065 3595 1152 3664 510.

62 3665 154 3718 Arcti.
180 3685 240 3718 cum
255 3670 359 3734 septem
376 3668 455 3718 Parr.
472 3666 545 3720 05¹.
568 3667 685 3736 praebet
701 3685 733 3717 ac
748 3665 813 3737 fictu
831 3684 883 3734 pro
901 3667 1007 3737 adficta.
1046 3667 1153 3718 Deinde

62 3738 216 3790 substituta
234 3744 275 3787 est
295 3739 378 3788 litere
397 3756 412 3788 c
436 3739 464 3788 in
482 3738 571 3788 locum
588 3739 642 3790 litt.
663 3754 706 3803 qn.
733 3737 806 3805 quod
821 3730 954 3806 persu'epe
971 3737 1010 3787 tit.
1045 3755 1068 3788 v.
1087 3757 1110 3787 c.
1146 3775 1152 3787 .
1184 3759 1185 3764 ¹

63 3809 156 3858 liure.
176 3809 198 3874 5.
215 3806 264 3858 94.
283 3808 330 3858 ubi
345 3809 407 3861 Par.
423 3808 450 3859 9.
470 3808 580 3859 exhibet
595 3815 702 3859 cnssntn
718 3825 769 3876 pro
783 3815 918 3872 quassata.
938 3825 963 3858 v.
980 3809 1052 3857 intra
1065 3806 1088 3874 5
1104 3755 1153 3861 ill.

65 3879 143 3929 lliue
163 3877 228 3928 mihi
245 3881 441 3930 restituendum
464 3879 626 3930 uidebatur:
653 3879 710 3948 leqc
725 3884 814 3946 posset
829 3878 889 3945 uqi,
921 3878 1002 3927 verbu
1024 3877 1155 3943 quaedum

63 3957 273 4016 composuerunt,
294 3964 372 4016 quam
384 3950 448 3999 leet.
460 3951 597 4017 egregium
610 3953 703 4000 tuetur
717 3949 794 3998 loeus
807 3947 902 3998 similis
911 3949 984 4016 apud
991 3949 1072 4000 (trid.
1081 3948 1151 3998 Her.

64 4019 126 4076 20,
146 4017 198 4070 282
237 4017 273 4068 Te
290 4020 353 4070 rnilii
368 4022 531 4088 compositis,
558 4022 582 4070 si
600 4019 664 4086 qnid
680 4025 765 4068 tannen
780 4019 877 4087 eqirnus
892 4026 966 4075 nrtc,
994 4018 1152 4070 Adstrinxit

62 4089 173 4147 uernis,
200 4089 350 4160 inqeniopns
366 4091 458 4141 Arnon.
494 4091 611 4140 Dictatis
627 4091 660 4140 nl
677 4106 707 4141 eo
723 4087 775 4155 lici
792 4089 928 4154 sponsalis
949 4091 1053 4148 verbis,
1084 4085 1150 4138 Con·

64 4144 205 4224 soliusque
221 4159 263 4228 sui
271 4159 346 4228 juris
364 4179 451 4211 umore
470 4159 556 4227 unser.
591 4161 638 4210 ubi
657 4158 940 4228 Heinsiustimrncrito
959 4161 1016 4226 lugi
1032 4158 1151 4208 malebat

64 4229 208 4296 ecrcccptis.
246 4229 321 4282 Geli.
336 4231 392 4282 XX
409 4230 460 4283 10:
493 4231 623 4301 lquornro
645 4247 695 4279 non
719 4234 819 4296 oportet
834 4231 916 4280 uerbo
937 4233 1068 4280 uctiemun
1086 4228 1150 4280 ciui·

64 4303 133 4350 lium
148 4300 303 4352 celebriora.
347 4301 408 4353 Gai.
429 4302 497 4350 lust,
522 4303 565 4350 lv
588 4301 641 4351 502
678 4297 732 4349 Sed
754 4300 931 4350 isturomnco
948 4301 1014 4369 leqis
1033 4300 1150 4350 actiones

62 4369 209 4440 pnrillntim
236 4371 264 4422 in
291 4373 376 4422 odium
397 4380 539 4426 uenerunt.-
566 4387 675 4436 rrnnrqne
697 4387 730 4420 ex
752 4369 1149 4426 ntutn=.sebsttttateosterum,
