2802 5028
327 389 986 570 enarro.

185 755 1030 892 ‚nonrln1men

224 965 228 976 .
453 979 789 1053 TERTIA,

576 1154 660 1188 siv}

1 1299 2 1302 ι
77 1243 1156 1360 rnvuouvsnnunsan'nnunnus.

528 1477 726 1491 m

370 1645 373 1664 ι
433 1619 802 1685 ARGUMENTUM.

64 1741 160 1810 Quum
177 1733 275 1804 paullo
288 1738 352 1800 post
366 1731 486 1784 habitam
504 1735 655 1786 orationem
672 1737 819 1786 secundom
833 1735 1024 1804 Allobroges,
1044 1737 1091 1806 qui
1105 1743 1170 1789 tune
1207 1741 1210 1754 '

136 1810 212 1859 l‘orte
229 1804 316 1871 legati
330 1803 443 1853 Romam
459 1813 605 1864 venerant,
625 1804 694 1856 belli
713 1807 891 1874 Transalpini
907 1814 934 1858 et
951 1808 1083 1859 tumultus
1102 1807 1171 1870 Cal-

137 1878 186 1928 lici
216 1875 354 1926 excitandi
377 1892 458 1925 causa
482 1895 497 1925 a
518 1876 550 1926 P.
573 1877 693 1926 Lentulo
717 1877 823 1944 perP.
843 1877 1011 1928 Umbrenum
1035 1880 1170 1946 quendam

139 1946 287 2000 sollicitati
306 1952 409 1996 essent:
442 1945 544 1998 Cicero
568 1965 619 2014 per
632 1945 667 2014 Q
684 1947 800 1997 Fabium
815 1948 951 2013 Sangam,
978 1948 1055 2016 eujus
1076 1957 1170 2018 patro·
1248 1996 1252 2008 „

143 2020 212 2071 einio
232 2018 328 2086 civitas
344 2017 491 2085 plurimum
509 2017 657 2076 utebatur,
685 2019 800 2069 consilio
818 2019 946 2085 cognito,
974 2019 1074 2085 legatis
1090 2038 1158 2089 prae

141 2093 265 2157 ceperat,
284 2087 326 2137 uti
338 2087 456 2137 studium
471 2089 668 2158 conjurationis
682 2089 859 2140 vehementer
873 2088 1041 2148 simulantes,
1061 2096 1171 2141 ceteros
1210 2097 1229 2112 '¹

58 2215 63 2220 ,
136 2163 267 2218 adirent,
297 2158 447 2224 darentque
475 2176 603 2227 operum,
630 2161 671 2210 uti
700 2178 746 2212 eos
771 2177 852 2228 quam
877 2161 991 2210 maxime
1011 2161 1171 2212 manifestos

18 2280 27 2306 ι
138 2232 286 2282 haberent.
325 2228 395 2279 Sall.
415 2226 616 2282 catto-41.

65 2308 170 2372 Itaque
196 2303 325 2359 edoctus,
353 2299 525 2367 Allobroges
551 2319 612 2352 eum
632 2301 813 2370 jurejurando
837 2318 853 2350 a
878 2299 1014 2360 Lentulo,
1043 2298 1170 2368 Cethego

142 2371 313 2438 Statilioque
330 2369 457 2436 signato,
488 2379 515 2422 et
536 2389 594 2422 eum
611 2372 701 2422 literis
728 2373 763 2420 ad
791 2388 853 2423 suos
879 2371 952 2422 eires
976 2389 1034 2424 esse
1057 2374 1171 2431 missos,

139 2441 323 2508 comitemque
345 2441 379 2489 iis
402 2442 559 2510 adjunctum
578 2460 636 2493 esse
654 2441 837 2494 Vultureium
851 2443 984 2510 quendam
1005 2441 1170 2494 Crotonien-

30 2551 33 2562 .
139 2533 215 2574 sem,
243 2513 301 2570 uti,
327 2511 485 2578 priusquam
500 2514 606 2564 domum
622 2519 790 2581 pergerent,
821 2531 881 2564 cum
899 2511 1040 2573 Catilina,
1061 2515 1125 2566 data
1143 2519 1171 2565 et

136 2589 256 2652 accepta
272 2583 343 2640 fide,
370 2584 531 2635 societatem
550 2584 758 2644 confirmarent,
785 2585 892 2654 ipsique
906 2583 1056 2636 Volturcio
1073 2585 1171 2637 literas

138 2657 175 2706 ad
193 2654 341 2706 Catilinam
358 2655 525 2706 etmanelata
539 2655 632 2705 verbis
652 2672 710 2707 esse
726 2657 806 2706 data:
834 2655 983 2706 constituta
999 2661 1097 2723 noete,
1118 2673 1172 2723 qus
1207 2695 1209 2700 .
1241 2710 1243 2718 ,

136 2725 385 2796 proficiscerentur
396 2721 410 2792 ,
433 2722 463 2773 L.
479 2725 594 2776 Valerio
617 2726 719 2776 Flacco
748 2733 775 2778 et
794 2725 827 2777 C.
846 2725 973 2776 Pomtino
992 2727 1172 2795 praetoribus
1258 2779 1260 2790 ,

138 2796 296 2864 imperavit,
316 2795 356 2844 uti
372 2795 400 2844 in
411 2802 497 2864 ponte
510 2795 614 2849 Mulvio
628 2815 681 2866 per
696 2795 811 2847 insidias
823 2796 1011 2864 Allobrogum
1026 2797 1171 2850 comitatus

140 2865 391 2936 deprehenderent.

63 2940 181 3009 Quibus
205 2935 426 3006 comprehensis,
453 2935 549 2986 vocari
573 2937 609 2986 sd
632 2954 691 2988 sese
707 2937 788 3007 jubet
804 2935 969 3000 Lentulum,
998 2935 1171 3003 Cethegum,

140 3008 302 3065 Statilium,
332 3005 629 3075 Gabinium„eosque
649 3026 702 3059 uua
724 3026 783 3058 eum
801 3007 902 3074 legatis
921 3015 948 3059 et
968 3007 1001 3056 T.
1021 3007 1171 3060 Vultureio
1249 3056 1252 3062 ,

140 3082 169 3132 in
185 3085 325 3136 senatum,
345 3096 433 3145 quem,
454 3086 516 3130 orto
531 3079 649 3147 primum
666 3079 735 3137 sole,
755 3079 926 3146 frequentem
941 3079 969 3128 in
988 3079 1082 3129 aedem
1093 3076 1172 3128 Cou-
1204 3112 1206 3114 ψ

140 3151 256 3204 cordiae
273 3155 421 3215 coegerat,
441 3149 612 3210 introducit3
640 3150 770 3200 Flaccum
789 3156 947 3218 praetorem
964 3149 1093 3199 scrinium
1112 3166 1173 3198 cum
1269 3159 1274 3170 ¹

140 3221 242 3278 literis,
263 3237 329 3286 quas
345 3238 360 3268 a
379 3219 481 3286 legatis
494 3229 648 3288 aeeeperat,
670 3221 765 3270 eodem
781 3220 893 3269 adferre
908 3219 997 3288 jubet.
1018 3220 1088 3270 sall.
1108 3217 1173 3270 Cat.

138 3288 267 3344 sil-46.
291 3289 342 3340 III
361 3287 423 3340 Cat'.
442 3289 461 3340 2
477 3296 505 3342 et
522 3290 550 3342 5.
578 3290 654 3341 Plut.
673 3289 733 3341 Cic.
757 3288 794 3354 ‚¹3
810 3295 838 3341 et
855 3288 902 3342 19¹.
940 3290 1044 3341 Literis
1062 3291 1172 3359 perlec-

142 3366 196 3422 tis,
223 3361 387 3427 iudiciisque
404 3361 502 3420 editis,
530 3367 639 3412 senatus
657 3360 716 3412 sine
733 3359 793 3410 ulla
809 3361 945 3412 varietate
963 3362 1104 3420 decrevit,
1131 3361 1173 3410 uti

140 3431 458 3496 abdicato-magistratu
481 3432 631 3490 Lentulus,
665 3432 732 3482 item
757 3432 845 3482 ceteri
861 3431 894 3495 in
918 3432 1016 3482 liberis
1040 3432 1173 3482 custodiis

140 3504 320 3556 haberentur.
351 3502 445 3570 Atque
463 3503 544 3554 etiam
560 3501 726 3570 supplicatio
743 3502 796 3552 diis
812 3494 1012 3554 immortalibus
1026 3501 1173 3552 Ciceronis

141 3573 380 3626 uominedeereta
399 3580 449 3624 est.
486 3571 576 3640 Quum
588 3574 646 3641 jam
663 3574 892 3640 advesperasset,
918 3574 1091 3642 populusque
1116 3571 1173 3622 fre-

143 3661 229 3715 quens
248 3647 438 3712 exspectaret,
465 3641 567 3694 Cicero
582 3645 610 3693 in
630 3645 788 3696 concionem
799 3661 965 3713 progressus
979 3642 1047 3706 hane
1062 3642 1175 3694 tertiana

143 3717 298 3768 orationem
317 3713 352 3763 ad
368 3715 499 3783 populum
514 3713 627 3774 habuit,
646 3715 673 3763 in
693 3715 769 3784 eujus
859 3725 862 3734 ¹
998 3759 1000 3766 ,

70 3791 101 3857 1)
122 3786 252 3840 Exordio
270 3784 349 3836 brevi
359 3819 375 3842 ‚,
387 3785 584 3854 rempublicam
600 3785 744 3836 laboribus
758 3783 945 3854 periculisque
961 3783 1016 3833 suis
1029 3799 1175 3835 conserta·
1241 3795 1242 3798 ’

142 3866 200 3911 tam
220 3873 278 3908 esse
294 3855 430 3914 dicendo,
457 3856 589 3924 populum
604 3863 633 3907 et
647 3856 701 3908 sibi
719 3856 866 3919 conciliat,
898 3861 926 3906 et
947 3860 1080 3906 attentem
1100 3853 1174 3904 doei-

144 3929 254 3996 lemque
272 3927 375 3978 reddit.
413 3944 472 3995 esp.
493 3927 518 3976 l.
562 3957 565 3966 -
1080 3955 1082 3962 ›

69 4002 102 4071 2)
121 4001 212 4052 Facta
228 3997 420 4058 traductione,
440 3997 561 4066 explieat
580 3996 747 4064 singularem
763 3993 952 4061 diligentiam,
972 4010 1025 4060 qua
1041 3997 1106 4060 post
1122 3989 1186 4042 Ca·.

111 4095 124 4102 -
142 4070 248 4122 tiliu‘ae·
260 4067 408 4130 discessum
425 4067 599 4135 providerit,
626 4073 657 4118 ut
680 4068 708 4116 iu
725 4073 780 4118 tam
799 4064 968 4114 absconditis
986 4080 1099 4122 eorum,
1127 4062 1176 4129 qui

144 4143 251 4192 Romae
267 4139 440 4200 restiterint,
459 4139 566 4188 insidiis
584 4155 675 4190 omnes
693 4138 763 4188 salvi
776 4135 984 4203 tsse'posseut,
1012 4141 1096 4201 utque
1113 4149 1176 4186 ostris·¹
1227 4174 1232 4190 .

140 4210 407 4282 jur'stiomanitestu
427 4208 691 4276 deprehenderetur.
727 4225 787 4275 cap.
805 4205 888 4256 9-5.
924 4205 1033 4256 Deinde
1052 4203 1176 4270 exponit,
1202 4219 1204 4223 ·

145 4281 282 4350 quomodo
296 4280 407 4331 indiciis
422 4279 610 4352 Allobrogum
629 4286 657 4331 et
673 4279 706 4329 Τ.
725 4276 884 4335 Vultureii,
904 4276 1050 4342 literisque
1069 4281 1097 4324 et
1113 4288 1176 4322 eou-

144 4353 266 4403 l'essione
289 4368 337 4401 sua
362 4351 500 4420 conjurati
525 4350 661 4409 convicti,
689 4365 847 4418 quaequae
866 4348 1093 4398 senatudeerets
1115 4343 1171 4394 sint

45 4499 49 4510 .
144 4439 207 4492 esp.
223 4419 308 4474 4-6.
