2854 5024
312 367 392 427 nno
411 367 499 424 ssx.
518 365 672 423 nosoru
690 365 888 422 mmnmo.
1097 369 1153 447 49
1185 335 1219 418 f
1270 331 1273 340 ’

64 539 187 601 neccsse
210 543 261 596 est
283 557 393 597 omnes
417 555 687 608 commemorare,
708 531 863 620 Curtios,
885 532 1033 610 Marios,
1062 534 1155 598 deni·
1178 557 1191 586 .-

64 646 118 706 que
145 617 381 702 Mammeos¹)‚
414 642 513 702 *quos
546 620 611 680 ium
639 625 728 680 aetas
762 640 780 677 a
808 617 943 698 praeliis
974 619 1154 681 avocabat:

63 715 214 788 postremo
245 703 406 762 Priamum
436 703 541 783 ipsum
571 722 703 774 senem,
736 700 938 775 Antistium,
972 723 1067 784 quem
1089 725 1156 764 non

63 791 147 850 modo
170 796 278 858 aetas,
311 787 370 846 ssd
394 787 490 846 etiam
511 785 603 863 leges
626 799 771 866 pugnare
793 783 1022 865 prohibebant.
1066 779 1155 862 Iam,

64 895 135 955 qnos
157 893 247 930 nemo
270 877 406 950 propter
426 868 667 949 ignobilitatem
688 867 851 940 nominat,
886 869 1036 930 sexcenti
1058 878 1155 944 sunt,

7 1009 8 1014 ,
64 956 112 1038 qui
132 956 216 1014 inter
237 952 393 1024 sicarius,
417 960 450 1013 et
473 952 513 1012 de
536 951 703 1012 veneficiis
727 951 936 1013 accusabant.
966 953 1022 1034 qui
1045 973 1155 1014 omncs

66 1038 167 1136 (quud
189 1037 301 1096 adme
325 1035 469 1120 attinet)
501 1035 632 1098 vellem.
648 1034 806 1096 viverunt.
858 1035 951 1096 Nihil
974 1037 1059 1096 enim
1080 1037 1157 1098 mali

66 1129 128 1194 est,
160 1113 255 1180 canes
285 1118 331 1178 ibi
360 1141 454 1200 quam
483 1117 640 1200 plurimos
664 1139 757 1191 esse,
789 1119 847 1180 ubi
867 1119 1022 1200 permulti
1045 1119 1159 1182 obser·

7 1257 8 1264 ,
64 1204 170 1276 rsnffi,
200 1201 365 1284 multaque
396 1204 556 1262 servanda
586 1210 674 1261 sunt.
725 1201 868 1274 Verum,
903 1210 941 1263 ut
963 1205 1023 1277 fit,
1055 1204 1207 1272 multam
1301 1215 1304 1222 ’

68 1308 172 1366 saepe,
211 1285 471 1364 imprudentibus
501 1283 773 1364 imperatoribus,
804 1285 854 1346 vis
883 1285 966 1348 belli
994 1308 1031 1346 ac
1062 1288 1159 1348 turba

67 1369 193 1428 molitur.
217 1370 292 1429 dum
314 1368 400 1432 isin
422 1367 494 1430 aliis
515 1367 613 1427 rebus
634 1373 703 1426 erat
720 1376 913 1448 occupatus,
930 1369 992 1453 qui
1008 1389 1160 1431 summum

6 1483 7 1514 ;
67 1475 162 1512 rerum
195 1450 464 1522 administrabat:
498 1457 589 1511 erant
620 1449 748 1512 interea
778 1451 834 1534 qui
869 1452 936 1512 suis
970 1451 1159 1513 vulneribus

7 1575 8 1578 =
67 1536 276 1596 mederentur:
309 1532 366 1617 qui
386 1542 539 1616 tanquam
560 1533 592 1607 si
614 1533 716 1594 offusa
737 1533 939 1615 reipublicae
962 1535 1162 1617 sempiterna

6 1740 7 1748 .
88 1712 92 1722 ·
118 1693 145 1760 l)
161 1695 324 1744 Mamercus.

74 1792 411 1806 m·—

73 1861 195 1928 lllysses,
214 1860 299 1909 classe
318 1858 352 1908 ab
370 1858 495 1910 Hectore
511 1857 640 1918 incensa,
658 1856 819 1909 uulneratus
837 1875 870 1910 ex
886 1860 997 1928 proelio
1013 1860 1168 1924 :rachil-1

74 1933 125 1982 lem
140 1921 241 1997 lugiens
257 1931 414 1990 inducitur,
441 1931 683 1996 interrogatusque
704 1928 737 1977 ab
753 1928 861 2002 Ajaee,
889 1947 938 1980 cur
954 1931 1091 1998 fugisset,
1119 1952 1163 1988 re·

78 2002 194 2070 spondet:
232 2000 297 2063 Quis
312 2001 381 2049 enim
396 2001 552 2049 vaisseratas
566 1998 639 2066 ferro
654 1997 755 2070 fiupio.
792 2017 817 2050 v.
834 2000 1017 2067 Anunymum.
1060 2031 1064 2042 ‹

125 2071 146 2138 ξ.
163 2071 206 2122 90.
240 2071 395 2122 Mammeos.
432 2070 605 2139 Recipienda
629 2069 695 2119 mibi
717 2070 864 2121 videbatur
888 2069 968 2121 Parr.
986 2069 1060 2123 061.
1081 2071 1162 2123 codd.

7 2163 8 2168 ¹
74 2140 174 2201 Ursini,
207 2143 320 2193 Francii
344 2147 427 2208 utque
457 2143 500 2192 ed.
525 2142 664 2192 Romanae
691 2148 719 2192 et
742 2141 868 2192 Venetae
893 2141 978 2193 lectio
1009 2143 1037 2192 iu
1072 2143 1163 2192 lucum

71 2212 208 2281 vulgatae:
238 2213 403 2269 Mamercus,
434 2213 509 2279 quud
527 2214 616 2280 gentis
632 2212 770 2264 Aemiliae
788 2228 938 2279 cognomen
960 2213 1022 2264 fuit.
1059 2211 1162 2264 Ursino

67 2279 201 2351 le'ipendum
217 2285 367 2337 videbatur
382 2282 538 2342 Meramius,
565 2301 632 2350 quus
650 2282 752 2333 Cicero
770 2284 800 2332 in
817 2285 908 2334 Bruto
932 2301 955 2336 c.
971 2283 1020 2336 56.
1036 2290 1172 2336 aratores«

8 2372 9 2388 ¹
66 2356 228 2416 mediocres,
251 2357 523 2406 accusatores‘acres
538 2361 619 2421 atque
636 2354 752 2404 acerbus
768 2354 901 2422 appellat.

112 2428 270 2496 apaoeliis,
298 2426 455 2476 forensibus
477 2425 595 2476 scilicet.
632 2425 738 2474 Eadem
758 2423 920 2493 metaphora
935 2439 999 2474 usus
1015 2422 1116 2476 Cicero
1135 2425 1164 2476 in

5 2523 6 2526 =
65 2511 101 2556 ur,
123 2516 149 2565 p.
166 2499 286 2548 Μαι-ωε.
304 2495 333 2550 9.
359 2498 392 2547 de
412 2497 516 2546 urbana
534 2496 632 2545 militia
650 2493 842 2563 respondendi,
871 2494 1024 2554 scribendi,
1052 2496 1165 2546 cauendi

5 2587 8 2616 ,ι
63 2565 197 2635 luquitnr3
226 2567 309 2618 simul
334 2567 459 2617 alludere
483 2568 594 2618 ridetur
613 2567 649 2616 ad
666 2565 742 2632 leges
759 2565 912 2626 militares,
941 2566 1040 2632 quibus
1063 2568 1164 2636 majori
1190 2571 1192 2580 ’

62 2641 131 2691 anrris
149 2640 351 2707 quinquaginta
367 2637 475 2689 vacatio
491 2631 607 2698 militiae
627 2636 754 2686 dabatur.
790 2654 815 2692 v.
835 2635 897 2688 niv.
913 2636 1001 2686 XLII
1018 2637 1067 2688 55.
1104 2637 1163 2688 Ma-

5 2733 7 2756 :
60 2713 145 2762 nutias
163 2719 192 2765 et
210 2711 351 2761 Graevius
365 2707 433 2760 baec
451 2709 484 2759 de
499 2709 615 2777 proeliis
632 2707 799 2758 militaribus
816 2708 971 2776 accipiunt,
1001 2725 1069 2775 quus
1086 2724 1163 2761 seen·

5 2805 7 2828 ι
60 2785 100 2831 tas
115 2777 239 2840 Weiske
267 2781 404 2848 explieat:
433 2780 531 2848 quibus
558 2773 676 2849 propter
699 2783 869 2830 senectutem
894 2779 1064 2846 parcendum
1091 2785 1162 2830 erat.

59 2850 122 2904 Ista·
136 2855 249 2921 quidem
273 2851 468 2919 interpretatio
487 2851 553 2902 milri
570 2850 633 2900 huic
652 2849 715 2900 luco
732 2849 839 2900 minime
865 2849 1011 2900 convenire
1033 2849 1162 2910 ridetur,

5 2947 7 2968 2
59 2922 84 2970 in
109 2942 162 2991 quo
193 2923 299 2976 Cicero
334 2939 395 2974 cnm
429 2940 531 2974 summo
558 2927 696 2973 contemtu
712 2919 816 2970 'tutum
850 2926 1041 2971 accusatorum
1076 2938 1162 2987 genus

5 3033 6 3040 ,
80 2997 161 3045 erstr'
203 2997 235 3046 it.
681 3035 691 3044 ,
1192 3031 1195 3036 -

5 3101 6 3108 .
59 3011 75 3061 P
107 3067 139 3116 P.
151 3013 321 3134 υιιξιιίίεῐίιωχ
333 3063 388 3113 fuit
414 3062 513 3112 rabula
535 3079 599 3112 sane
617 3058 789 3129 probabilis,
821 3059 1048 3128 temporibusque
1066 3059 1181 3111 lluruit¹

5 3161 6 3164 =
58 3133 104 3195 iis,
123 3138 225 3206 quibus
244 3135 318 3186 inter
336 3134 538 3202 profectionem
555 3133 729 3198 reditumque
748 3130 781 3179 L.
800 3130 896 3180 Sullae
913 3133 971 3182 sine
986 3132 1051 3199 jure
1066 3126 1163 3181 suiset

57 3206 110 3258 sine
137 3209 199 3258 ulla
225 3207 362 3272 dignitate
386 3203 554 3271 respublica.
580 3202 653 3274 scie.
671 3202 698 3250 in
715 3203 796 3252 Brut.
818 3219 840 3251 e.
858 3199 907 3251 65.
943 3201 1069 3252 Eundem
1082 3202 1163 3270 jussu

57 3275 136 3327 Marii
160 3297 176 3328 a
200 3277 373 3343 Damasippo
399 3281 531 3341 praetore
559 3273 728 3325 trucidatum
758 3289 835 3332 esse,
861 3279 978 3323 narrant
1001 3273 1077 3324 Vell.
1101 3272 1162 3325 Pat.

55 3341 160 3408 1126,
183 3347 246 3399 Cic.
266 3341 364 3396 in'ltr‘.
382 3338 441 3406 90,
460 3345 605 3412 Appianus
624 3341 686 3395 (liv.
705 3342 721 3391 I
738 3340 788 3393 88.
1000 3343 1002 3354 '

104 3421 237 3468 sexcenti.
275 3417 316 3466 Ut
340 3416 414 3483 apud
439 3414 563 3466 Graecus
588 3417 698 3484 μύρια,
736 3413 775 3463 ita
800 3413 873 3480 apud
897 3411 1012 3465 Latinus
1036 3419 1163 3464 sexcenta

57 3487 147 3540 dicere
163 3507 219 3558 pru
238 3487 333 3538 multis
348 3477 479 3538 usitatim
497 3491 546 3536 est.
571 3484 656 3534 Verr.
674 3481 763 3534 14⁷2
783 3485 894 3547 Possum
910 3493 1037 3534 sexcenta
1054 3484 1163 3534 decreta

52 3558 183 3629 prelii-re.
224 3557 328 3626 Eurip.
344 3555 437 3625 Ipbig.
456 3557 542 3606 Taur.
558 3554 632 3606 5282
660 3556 770 3638 μυςίων
785 3557 838 3626 γὰρ
853 3557 891 3608 ε’κ“
901 3561 993 3627 χερῶν
1009 3553 1106 3619 οὐδεὶς
1123 3558 1164 3609 τὰ

55 3635 103 3696 τῆς
118 3633 197 3688 θεοῦ
206 3630 324 3699 θύματ’
339 3625 582 3696 ηὐτύχῃιβαλώυ,
603 3623 791 3694 V.P.ll11l.20.
811 3624 953 3673 Demosih.
965 3623 1011 3674 0l
1021 3643 1044 3690 γ.
1053 3643 1081 3692 p.
1093 3623 1163 3676 124.

102 3701 126 3770 5.
146 3700 200 3752 91.
239 3700 296 3760 suis
315 3698 476 3748 uulneribus.
501 3696 699 3754 ‘Manutius'et
717 3695 907 3745 Hotomannus
932 3693 999 3746 bace
1023 3695 1162 3764 interpre-

55 3777 145 3822 tantur
165 3773 202 3822 de
223 3768 433 3820 accusatoribus
449 3773 477 3819 et
490 3768 630 3837 judicibus
649 3767 765 3824 occisis,
784 3773 815 3818 ut
829 3767 883 3835 ipsi
899 3783 1009 3817 suorum
1027 3767 1163 3817 scelerum

54 3857 155 3908 poenas
175 3841 344 3908 effugerent.
381 3839 443 3908 Ego
457 3845 548 3890 tamen
565 3854 665 3905 sequor
683 3838 856 3904 Anonymunr
876 3837 1077 3905 explicantem:
1108 3837 1163 3899 Qui

52 3910 185 3963 debebant
203 3903 276 3980 [eu]
292 3918 406 3977 tempure
418 3910 562 3976 pecunias,
590 3917 616 3958 et
630 3910 657 3958 ia
671 3907 732 3976 ipso
749 3910 862 3958 tursasltu
878 3907 1032 3956 occidebant
1048 3909 1162 3958 ereditu-

52 3999 92 4032 ηε
108 3988 184 4034 suos.
225 3999 251 4033 v.
270 3999 330 4048 cap.
347 3978 375 4030 8.
394 3979 443 4030 90.
459 3978 508 4030 51.
545 3979 615 4029 Sall.
640 3977 703 4030 cat.
730 3977 779 4029 bl.
815 3979 920 4028 Eadem
947 3978 1110 4048 metaphora
1133 3981 1162 4028 in

52 4051 135 4106 Verr.
155 4053 186 4103 V
202 4052 263 4103 Illi:
302 4051 433 4118 Praeceps
452 4051 567 4098 amerstia
583 4048 717 4117 fiscinae,
737 4051 783 4116 qui
800 4056 825 4098 te
843 4051 1009 4100 existimares
1025 4051 1161 4100 auaritiae
1218 4080 1222 4086 ι

52 4124 166 4194 νιιὶιῳηι
184 4123 359 4174 crudelitatis
376 4119 499 4170 remediis
511 4138 591 4188 posse
608 4138 714 4170 sanare.
928 4161 934 4182 N

102 4193 193 4264 offusa
210 4187 280 4262 'reip
318 4191 383 4244 Nat.
403 4192 439 4242 l).
457 4191 473 4240 1
491 4189 527 4240 5:
564 4191 756 4260 Philosophia,
784 4208 852 4256 qaae
870 4187 953 4241 lacem
975 4191 1106 4259 eriperet,
1134 4196 1161 4239 et

51 4267 128 4330 qnasi
146 4272 254 4316 noctem
272 4258 406 4329 quandam
420 4263 497 4312 rebus
517 4259 662 4330 offlsrsderet
707 4262 790 4311 Tusc.
806 4261 834 4310 V
846 4261 882 4312 ss:
902 4261 978 4315 Ilaec
995 4262 1161 4312 indoctorum

51 4337 147 4386 aniuds
166 4334 257 4408 offissa
275 4334 363 4405 calipu
382 4339 429 4382 est.
466 4333 508 4382 nt
523 4333 551 4381 V
553 4333 621 4384 aler.
639 4333 712 4395 Max.
728 4332 778 4385 111
795 4329 833 4394 8,
849 4331 892 4406 ¹84
928 4333 1022 4388 Tantis
1044 4331 1162 4382 tenebris

51 4405 165 4480 offusam
181 4423 242 4458 esse
257 4404 454 4478 rempublicam.
491 4421 518 4454 v.
534 4421 562 4478 p.
576 4405 664 4456 Marc.
682 4402 712 4461 ll.
854 4471 878 4526 4
