2766 5018
261 409 379 469 ‘ruo
401 413 534 468 REGE
562 411 837 468 uulosnuo.
1021 409 1104 488 455

19 581 146 644 afferre?
176 578 369 642 Deiotarum
391 581 563 646 saltantem
586 582 776 666 quisquam,
799 589 855 642 aut
877 579 999 640 ebrium
1021 577 1106 639 vidit

19 666 180 748 umquam?
225 662 347 724 Omnes
375 664 411 726 iu
436 664 495 727 illo
524 665 635 749 suut¹)
665 686 742 746 rege
766 661 919 748 [regiae]
942 661 1104 734 virtutes,

18 748 99 832 quod
127 754 184 821 te,
214 745 354 820 Caesar,
382 749 530 828 ignorare
560 769 626 809 non
658 749 816 809 arbitror:
850 747 909 806 sed
923 745 1104 825 'praecipue

17 829 184 910 singularis
216 835 251 890 et
281 829 467 892 admiranda
494 831 672 917 frugalitas.
717 831 780 892 etsi
810 831 872 890 boc
904 828 1002 889 verbo
1034 825 1103 891 scio

17 912 134 972 laudari
174 933 271 992 reges
309 933 375 972 non
418 913 534 975 solare.
586 913 685 994 Frugi
715 914 876 975 bominem
907 910 996 983 diei,
1038 931 1104 969 nou

16 995 142 1056 multum
164 995 268 1056 babet
290 994 396 1056 laudis
419 997 453 1058 in
478 1019 571 1077 rege:
599 999 732 1070 fortem,
765 997 904 1067 iustum,
938 1015 1104 1065 severum,

17 1101 153 1158 gravem,
175 1079 429 1159 magnanimum,
451 1079 592 1160 largum,
613 1081 811 1153 beneficum,
833 1077 1020 1148 liberalem,
1042 1075 1103 1136 bae

18 1169 85 1222 sunt
111 1161 223 1242 regiae
257 1159 386 1222 laudese
418 1162 477 1222 illa
498 1165 624 1244 privata
647 1170 706 1224 est.
749 1162 794 1222 Ut
823 1161 931 1232 volet,
965 1159 1103 1241 quisque

17 1244 153 1324 accipiat
162 1268 171 1304 r
204 1265 267 1325 ego
298 1253 405 1305 tamen
434 1247 670 1326 frugalitatem,
699 1245 826 1318 idest,
858 1243 1048 1304 modestiam
1071 1249 1104 1302 et

17 1327 282 1408 temperantiam,
312 1329 502 1410 virtutem²)
524 1330 689 1390 maximam
709 1328 830 1389 iudico.
873 1327 966 1388 llaec
988 1325 1023 1384 in
1043 1323 1102 1385 illo

21 1416 64 1468 ost
84 1409 121 1468 ab
144 1411 283 1473 ineunte
308 1418 435 1485 aetate,
461 1419 529 1472 tum
552 1435 569 1472 a
591 1420 712 1472 cuncto‘
729 1412 830 1483 Asia,
860 1418 926 1470 turn
948 1433 967 1468 a
987 1407 1104 1486 magis·

19 1491 169 1566 tratibus,
205 1493 390 1575 legatisque
413 1496 555 1570 nostris,
591 1505 655 1556 tum
678 1496 716 1556 ab
740 1493 903 1578 equitibus
926 1491 1102 1562 Romanis,
1149 1505 1152 1510 “

19 1574 120 1654 quiin
141 1576 226 1646 Asia
249 1577 408 1656 negotiati
429 1585 534 1650 sunt,
550 1587 723 1659 perspecta
745 1586 779 1637 et
802 1575 942 1656 cognita.
984 1573 1152 1633 Multissr

19 1657 176 1742 quidem³)
207 1658 268 1720 ille
291 1661 443 1740 gradibus
477 1662 650 1740 officiorum
667 1679 747 1741 ‘erga
779 1658 1008 1739 rempublicam
1029 1677 1104 1716 nos·

19 1745 90 1798 tram
111 1741 154 1800 ad
175 1742 242 1802 boc
264 1743 386 1822 regium
409 1765 523 1804 nomen
545 1745 710 1804 ascendit:
735 1743 793 1802 sed
815 1751 922 1803 tamen
946 1738 1105 1824 quidquid

19 1843 35 1880 a
63 1822 157 1883 bellis
185 1824 303 1906 populi
332 1826 468 1886 Romani
497 1829 654 1900 vacabat,
684 1848 754 1888 cunr
777 1825 959 1884 hominibus
981 1823 1104 1884 nostris

21 1909 282 1979 eonsuetudines,
305 1909 474 1982 amicitias,
496 1931 548 1970 res
565 1910 773 1993 rationesque
785 1907 957 1986 iungebat:
980 1914 1016 1964 ut
1038 1925 1104 1964 non

20 1987 113 2048 solum
122 1990 309 2051 tetrarches
318 1993 344 2074 ⁴)
356 1991 488 2065 nobilis,
499 1992 557 2052 sed
567 1991 662 2052 etiam
670 1993 696 2076 ⁵)
708 1991 846 2072 optimus
857 1987 1103 2070 paterfamiliae,

22 2076 49 2128 et
68 2071 340 2152 diligentissimus
362 2075 504 2155 agricola
523 2083 555 2136 et
574 2075 745 2156 pecuarius
758 2074 787 2156 6)
812 2073 994 2132 haberetur.
1037 2069 1103 2144 Qui

21 2150 108 2230 igitur
138 2157 356 2230 adolescens,
388 2158 527 2219 nondum
560 2165 650 2218 tanta
680 2158 783 2238 gloria
803 2155 992 2237 praeditus,
1020 2151 1103 2215 nihil

23 2255 178 2317 umquam,
209 2239 276 2299 nisi
309 2241 510 2302 severissime
541 2249 574 2301 et
606 2242 814 2321 gravissime.
848 2237 981 2297 fecerit:
1013 2235 1042 2295 is
1066 2256 1102 2294 ea

25 2317 274 2396 existimatione,
298 2345 399 2406 eaque
422 2332 527 2384 aetate
551 2323 709 2384 saltavit?
1012 2325 1014 2328 ’

74 2402 151 2466 Cur.
184 2405 228 2464 X.
275 2404 420 2478 Imitari,
442 2407 578 2480 Castor,
603 2405 772 2488 potius⁷)‚
803 2405 854 2466 avi
877 2403 955 2488 [tui]
978 2390 1150 2491 moreest8

22 2481 283 2570 disciplinamque
307 2489 468 2562 debebas,
497 2513 594 2573 quam
623 2490 743 2571 optimo
774 2497 807 2550 et
830 2488 1011 2548 clarissimo
1033 2485 1102 2545 viro

17 2633 101 2648 ’,ᾖ

62 2729 87 2795 l)
112 2741 176 2784 sunt
196 2735 223 2783 in
244 2733 303 2784 illo.
340 2732 370 2802 2)
394 2726 522 2786 virtutem
553 2753 610 2786 esse
629 2753 698 2786 max·
735 2733 764 2796 5)
790 2735 839 2786 ille
860 2735 976 2801 quidem.
1011 2731 1042 2800 d)
1065 2739 1103 2783 te·

17 2801 123 2853 irorclra.
162 2803 193 2871 b)
214 2821 266 2855 om.
285 2803 372 2855 etiarn.
409 2804 440 2873 6)
457 2807 639 2874 pecuniarius.
677 2803 706 2873 ⁷)
724 2807 816 2876 potius
836 2803 959 2856 Castor.

57 2989 214 3062 frugalitas.
252 2995 333 3044 'susm
352 2993 454 3046 1118.
496 2993 560 3046 Tres
578 2997 708 3052 uirtutes,
733 2993 934 3062 jortibadiuem,
953 2990 1099 3062 justitiam,

15 3061 171 3122 portensium
184 3063 334 3132 firmabitur·
351 3067 485 3133 complexa
499 3073 548 3116 est.
584 3066 650 3134 Ejus
666 3065 772 3115 oirletar·
786 3083 842 3114 esse
851 3065 996 3132 proprium,
1015 3069 1099 3110 urotus

16 3130 87 3180 aairoi
110 3135 259 3203 appetentis
284 3153 374 3204 regere
398 3143 423 3184 et
450 3136 560 3192 sedare,
593 3153 741 3202 semperque
768 3135 951 3184 adversantem
975 3133 1098 3188 libidini,

15 3199 166 3254 ruederutaro
188 3207 217 3256 iu
235 3206 303 3253 omui
320 3211 377 3262 re‚'
388 3223 496 3256 seruare
512 3207 695 3254 constantiam.
716 3233 747 3244 -
788 3204 841 3267 Qui
858 3207 895 3254 sit
909 3203 985 3274 frugi
1001 3205 1098 3273 igitur,

15 3268 51 3316 vel
64 3273 87 3320 ri
104 3276 189 3325 mavis
207 3275 356 3324 moderatus
377 3283 402 3324 et
419 3283 580 3343 temperans,
604 3291 661 3324 euru
678 3275 781 3324 rreeesse
796 3281 834 3324 est
850 3293 905 3324 csse
921 3281 1098 3330 coustuuteru,

15 3339 54 3399 gui
69 3349 153 3394 autem
171 3353 310 3402 constans,
330 3348 458 3412 quietum,
479 3347 524 3410 qui
538 3347 656 3412 quietus,
678 3345 879 3414 perturbatione
897 3347 965 3395 orrrui
980 3361 1099 3394 vacerras.

15 3422 36 3455 v·
49 3409 113 3464 ibid.
130 3405 239 3467 lv'tss.
262 3433 289 3483 p.
304 3417 420 3467 Fonteio
446 3415 492 3470 15.
520 3445 552 3456 -
587 3415 674 3466 Areb.
694 3415 835 3468 Ert‘Psr.
857 3415 901 3466 ll.
922 3416 1023 3466 babent
1042 3415 1099 3463 lau·

15 3475 185 3551 deriregeru3
214 3487 288 3552 quod
309 3486 405 3536 melius
431 3487 549 3537 videtur.
586 3486 675 3537 Iidem
695 3487 761 3538 libri
786 3503 845 3536 oum
864 3487 929 3538 llav.
954 3491 1016 3536 octo
1038 3485 1099 3534 aliis

15 3545 334 3608 rarr.021.l³irh.ven.
347 3557 567 3608 retrectans.
584 3558 611 3606 in
627 3575 705 3624 rnarg
722 3555 802 3607 {584
821 3557 950 3607 omittunt
965 3573 1020 3606 erse
1036 3561 1099 3606 ante

15 3621 145 3673 maximum
155 3626 261 3696 judico.
412 3673 419 3691 s
447 3627 451 3632 '

64 3691 85 3758 5.
101 3693 153 3746 ¹27.
191 3697 319 3748 aseendit.
356 3699 435 3746 Brut.
453 3695 501 3750 81.
520 3699 542 3765 5
562 3696 638 3748 2812
674 3697 869 3748 Maximorum
885 3696 977 3766 gratia
999 3695 1097 3765 etglo·

17 3757 54 3806 riu
74 3762 109 3812 ad
131 3783 255 3818 summam
270 3767 466 3835 arrrplitruliaeru
479 3768 640 3834 pervenisset
655 3767 797 3818 ascendens
811 3767 941 3838 gradibus
957 3768 1098 3834 magistra-

17 3833 87 3882 lfflfflt·
123 3853 149 3902 p.
174 3839 253 3887 donro
276 3838 315 3888 28
340 3840 425 3887 moda
469 3837 541 3899 Quid
564 3855 610 3908 eqo
633 3839 684 3888 illu
708 3839 802 3888 diviua
827 3847 906 3903 atque
935 3837 1098 3886 immortalia

16 3902 207 3978 'ufsnieiprorum
221 3907 334 3958 'decretu
354 3926 558 3966 coramemarem,
591 3909 701 3974 gruibus,
728 3916 860 3974 tanaquam
881 3907 1010 3976 gradibus
1033 3907 1098 3956 aiibi

17 3969 101 4022 rrrdedr·
126 3977 155 4025 iu
176 3977 276 4030 coelura
291 3979 448 4029 ascendisse.
483 3997 508 4030 v.
521 3998 548 4048 p.
565 3979 635 4030 lllur.
653 3979 700 4030 27.
717 3980 740 4046 5.
755 3977 802 4028 55.
819 4005 850 4016 —-
868 3977 1031 4029 Arcbl'ar.
1050 3978 1097 4029 ll.

17 4033 72 4090 Ert'.
91 4043 186 4096 Multis
205 4049 308 4113 quidem
326 4051 381 4100 ille.
417 4050 506 4100 Iidem
527 4049 592 4099 libri
614 4068 674 4100 curn
692 4049 764 4100 021.
781 4054 808 4100 et
827 4049 857 4098 L.
875 4048 1022 4098 tetrarches
1037 4050 1096 4098 not.

18 4113 115 4190 ‘buron
131 4135 190 4167 enm
205 4137 258 4168 uno
277 4121 307 4169 L.
326 4122 384 4170 cod.
397 4119 445 4169 sed
461 4121 540 4170 etiam
555 4122 676 4188 optimus.
696 4147 727 4158 -·
746 4119 892 4168 Pecuarius
911 4119 1013 4171 dicitnr
1025 4117 1057 4168 lr.
1077 4119 1095 4166 l.
1164 4158 1167 4164 .

19 4193 59 4240 ΨΜ
81 4189 209 4248 pecuaria
224 4189 324 4250 habete
351 4198 378 4240 ut
393 4190 466 4258 apud
484 4190 635 4250 Romanos,
670 4191 715 4257 qui
731 4202 832 4256 pascua
849 4191 962 4256 publiea
979 4191 1095 4240 redime·

18 4243 91 4309 bant,
110 4255 129 4304 ii
146 4261 356 4324 appellabantur
370 4261 502 4330 prunarii.
539 4278 564 4313 v.
581 4263 647 4311 Asc.
662 4263 697 4311 ad
714 4261 798 4309 Verr.
815 4261 874 4311 triv.
893 4259 939 4312 10.

66 4321 99 4371 Χ·
117 4326 139 4392 5.
158 4329 205 4381 28.
242 4330 362 4382 debebas.
399 4349 423 4382 v.
442 4337 498 4382 not.
520 4333 554 4382 ad
576 4350 615 4381 or.
638 4351 664 4400 p.
684 4332 713 4380 S.
734 4331 816 4381 Rosc.
834 4331 857 4398 5.
875 4332 903 4384 4.
922 4328 1008 4382 nach.
1033 4327 1094 4378 Ert'.

21 4385 106 4449 plures
119 4395 199 4450 Parr.
217 4401 307 4453 (ilua
334 4401 439 4452 imitari
458 4401 555 4453 Castor·
569 4404 656 4471 potius
672 4403 717 4451 aui
733 4418 824 4451 morus.
1039 4410 1043 4416 '
