2766 5018
277 352 362 434 450
650 345 979 404 enarro

279 521 332 583 cui
353 516 671 600 magnificentissima
703 516 808 590 dona,
843 523 880 578 ut
903 516 1060 598 scriptum
1081 516 1225 598 legimus,
1247 539 1310 601 cape

231 673 236 684 ι
279 605 320 666 ad
343 600 545 663 Numantiam
566 599 655 658 misit
680 619 719 659 ex
737 600 834 672 Asia,
858 615 939 684 quac
962 599 1149 674 Africanus,
1168 601 1310 682 inspectante

280 686 438 759 exercitu,
462 684 599 764 accepit..
630 682 728 758 Quod
751 705 821 743 cum
843 703 999 764 praesens
1021 683 1201 756 Deiotarus,
1218 685 1310 762 repioet

279 765 383 832 animo
407 777 440 829 et
461 787 561 840 more,
584 766 733 838 fecisset,
756 767 848 826 tuin
872 766 1055 827 cubiculum
1079 766 1252 826 discessisti.
1275 766 1310 826 ot-

279 875 392 926 secro,
426 851 571 922 Caesar,
604 857 718 930 repete
749 851 904 930 temporis
937 849 1027 908 illius
1060 851 1243 910 memoriam:
1265 871 1312 930 poce

276 937 370 998 illum
402 942 476 994 autc
510 931 622 992 oculos
655 931 758 992 diem:
792 933 900 992 vultus
933 930 1096 993 hominum
1124 942 1157 993 te
1179 931 1313 992 intuentium

280 1029 375 1103 atque
399 1015 624 1077 admirantium
645 1015 828 1075 recordare.
872 1037 946 1074 num
971 1037 1052 1097 quae
1074 1016 1259 1096 trepidatio?
1274 1037 1312 1072 nm

280 1105 336 1186 qui
357 1099 542 1162 tumultus?
565 1115 639 1157 num
663 1098 752 1180 quid,
777 1098 840 1156 nisi
862 1099 1051 1170 moderate,
1074 1095 1139 1157 nisi
1160 1099 1267 1180 quiete,
1281 1097 1313 1154 cisi

280 1206 319 1246 cx
350 1183 487 1244 hominis
523 1181 704 1262 pravissimi
743 1188 775 1240 et
804 1180 1002 1240 sanctissimi
1028 1179 1227 1262 disciplina?
1266 1180 1313 1256 Quil

278 1268 379 1348 igitur
401 1287 516 1326 causae
541 1263 719 1343 excogitari
746 1272 876 1344 potest,
911 1285 967 1323 cur
999 1271 1032 1323 t'e
1060 1263 1184 1324 'lautum
1210 1263 1313 1332 voluerit,

231 1366 268 1418 ut
282 1357 452 1412 coenatum
478 1347 621 1407 noluerit
651 1347 829 1430 occidere?
861 1347 902 1406 ln
922 1348 1248 1430 posterum3‘inquit,
1269 1346 1315 1404 dieu

281 1432 433 1505 distulit,
464 1438 521 1506 ut,
554 1452 624 1489 cum
656 1430 691 1489 in
723 1428 893 1491 castellum
924 1430 1080 1490 Luceium
1111 1440 1233 1491 ventum
1251 1435 1316 1498 essct,

280 1517 328 1578 ihi
359 1515 502 1595 cogitata
532 1513 714 1594 perficeret.
759 1513 832 1573 Non
853 1514 949 1574 video
974 1535 1101 1574 eausam
1124 1515 1188 1574 loci
1208 1511 1316 1574 mutanti:

280 1600 340 1660 scd
361 1608 469 1658 tamen
491 1604 564 1658 acta
585 1615 637 1656 res
661 1596 832 1656 criminose
855 1605 916 1656 cst.
959 1595 1061 1670 Cum,
1092 1597 1214 1682 inquit,
1238 1613 1317 1655 uouere

279 1691 314 1744 te
344 1689 420 1763 post
450 1700 583 1760 coenam
620 1677 706 1742 velle
746 1679 911 1754 dixisses,
942 1679 976 1738 iu
1012 1681 1162 1741 balneum
1189 1688 1219 1740 te
1245 1680 1317 1737 ducere

282 1770 469 1845 coeperunt.
513 1762 559 1821 ihi
595 1761 679 1821 enim
718 1771 809 1822 erant
846 1762 997 1824 insidiae
1040 1772 1073 1824 at
1109 1772 1144 1824 te
1175 1764 1269 1823 eadem
1289 1767 1318 1816 tu

280 1849 410 1909 fortuna
441 1846 599 1906 servavit:
632 1845 667 1904 in
690 1845 874 1906 cubiculum
896 1854 929 1906 tc
952 1847 999 1907 ire
1022 1846 1118 1906 malle
1153 1846 1261 1906 dixisti.
1290 1841 1317 1900 liii

279 1937 313 1992 tc
334 1929 510 2013 perduint,
533 1928 686 2008 fugitive:
708 1929 755 1989 ita
773 1951 841 1990 uon
862 1930 956 1990 modo
979 1952 1115 2013 nequam
1138 1940 1170 1992 ct
1196 1925 1318 2010 improbat,

1262 2061 1318 2076 ’.με

280 2162 344 2212 aliis
361 2161 564 2230 imperatoribus
583 2177 671 2230 repom
687 2175 793 2208 munera
809 2176 862 2208 mos
878 2167 961 2218 esset,
984 2179 1035 2230 pra
1057 2159 1187 2212 tribunali
1206 2166 1319 2228 acceptam

279 2251 307 2283 ce
323 2249 379 2282 esse
394 2231 475 2288 dixit,
495 2233 632 2297 omniaque
649 2247 680 2279 ea
695 2227 795 2296 referre
810 2238 975 2296 quaestorem
989 2233 1017 2281 ia
1031 2231 1153 2302 publicas
1166 2232 1259 2282 tabidae
1265 2227 1318 2298 jusit

281 2304 355 2352 Ilinc
376 2299 480 2352 Ursino
503 2319 554 2370 pro
578 2300 692 2351 Attalus
716 2299 933 2351 substituendum
955 2303 1103 2354 videbatur
1121 2302 1265 2354 Antioclam
1289 2293 1321 2346 Sel

280 2367 306 2422 c.
331 2371 472 2422 Drakenb.
496 2374 532 2420 ud
558 2372 576 2425 l.
601 2389 625 2424 c.
655 2372 701 2440 qui
719 2377 795 2424 recte
811 2378 920 2434 monet,
956 2371 1120 2425 Ciceronem
1137 2381 1192 2426 tum
1207 2373 1320 2440 scriptun

281 2443 365 2492 luisse
384 2460 397 2490 e
414 2440 515 2508 Syria.-

337 2511 409 2572 Quid
427 2513 511 2580 ipitur
525 2529 630 2577 causae..
665 2512 701 2562 ad
718 2513 779 2562 Aet.
795 2511 889 2562 1V2=
928 2511 1001 2574 Quid
1022 2501 1107 2582 iqitur
1130 2531 1222 2564 causae
1239 2509 1319 2580 scitl‘

281 2581 387 2633 Nonius
400 2581 487 2632 Marc.
503 2577 538 2640 9,
559 2581 633 2632 1952
671 2580 821 2639 Caecatus,
839 2589 869 2630 ut
880 2599 1010 2650 pransus,
1029 2569 1058 2634 iet
1070 2593 1161 2654 potus,
1178 2593 1205 2634 ut
1216 2584 1277 2636 lotae
1290 2577 1320 2625 Μ

170 2705 172 2712 ,
282 2651 403 2720 confecta
420 2668 510 2701 coena.
547 2651 648 2704 Omnes
667 2653 747 2704 Parc.
770 2670 829 2704 eum
846 2654 914 2704 Bas.
930 2653 992 2705 Eri.
1008 2654 1083 2706 051.
1103 2657 1175 2707 Vcn.
1195 2652 1261 2706 1479
1276 2661 1321 2718 prae

281 2723 350 2776 tent
365 2722 466 2782 lotum,-
491 2721 577 2772 Aret.
594 2723 665 2773 Ven.
685 2722 765 2774 1499
783 2724 891 2774 lautum.

218 2816 219 2820 ¹
334 2794 357 2862 ξ
377 2791 425 2843 21.
463 2797 525 2840 acta
541 2809 592 2843 res.
628 2792 674 2842 Ita
697 2811 758 2844 cum
775 2799 840 2844 cett.
864 2795 942 2846 codd.
960 2811 1051 2846 omnes
1072 2789 1321 2864 quoqueemnau

285 2865 348 2916 edd.
370 2870 437 2915 vett.
455 2863 587 2914 Ernestio
607 2869 749 2915 contextus
773 2864 846 2913 dieta
869 2865 1011 2934 postulare
1032 2867 1187 2919 videbatur.
1221 2863 1268 2914 Sed
1278 2867 1322 2925 opst

283 2953 337 2986 rem
352 2935 516 2988 vcleausam
534 2933 801 3004 estlormulajuris.
837 2951 861 2986 c.
877 2953 904 3004 p.
922 2936 994 2986 Mur.
1012 2935 1058 2987 17.
1097 2921 1322 2990 orselstttt·

285 3003 388 3056 Causas
410 3005 553 3055 amicorum
577 3011 695 3054 tractare
714 3013 794 3070 atque
815 3021 901 3074 apere.
926 3035 957 3046 -
995 3005 1114 3058 Castelli
1134 3006 1227 3059 Luccii
1241 3009 1322 3066 nusqcttt

283 3076 315 3128 lit
336 3077 454 3136 mentio,
480 3075 534 3126 nisi
558 3075 676 3126 fortasse
702 3076 775 3146 apud
798 3075 929 3129 Str-aleon.
946 3076 1008 3126 xil
1030 3074 1106 3128 5902
1144 3073 1323 3138 *rotarentur*

280 3145 391 3218 ducem
408 3148 547 3212 Βιθυνοῖς
563 3151 617 3200 etot
631 3150 682 3200 καὶ
695 3151 733 3218 τῇ
744 3148 906 3217 Ἐπικτήτῳ
921 3146 1091 3219 καλουμένῃ
1105 3144 1227 3225 Φρυγίῳ
1243 3139 1323 3216 ppoo'pt

284 3217 311 3272 δ’
326 3219 426 3288 ocyor
443 3218 503 3272 ἐστὶ
519 3221 554 3270 τὸ
571 3235 602 3270 το
619 3215 764 3273 Βλούκιον
784 3215 844 3284 [atii
863 3215 1020 3284 Βλούβιου]
1039 3223 1142 3275 καὶτὸ
1158 3221 1245 3285 necor
1270 3213 1323 3265 erce

285 3291 337 3360 μὲν
353 3291 389 3352 ἣν
404 3284 554 3352 βασίλειον
566 3283 760 3360 Δηϊοτάρου,
790 3293 824 3341 τὸ
844 3283 874 3339 δὲ
889 3285 1122 3354 paroeciam.
1144 3319 1174 3356 -.
1208 3282 1276 3338 Aret.
1288 3275 1322 3324 Par.

286 3355 334 3410 tl.
360 3355 422 3405 lert.
446 3355 550 3406 habent
572 3357 692 3406 mutandi
716 3357 776 3406 loci.
811 3356 901 3406 Iidem
925 3373 985 3406 cum
1007 3357 1076 3408 Vcn.
1099 3359 1177 3410 ΗΠ
1198 3345 1324 3420 transponi

284 3444 365 3498 pron.
389 3433 415 3476 te
438 3432 501 3495 post
526 3443 638 3477 coenam.
685 3426 819 3476 Nonnulli
844 3427 991 3478 deterioria
1013 3435 1095 3478 notre
1118 3430 1196 3480 codd.
1219 3420 1324 3477 mocertl‘*

285 3499 345 3551 Sed
364 3495 426 3548 cic.
444 3497 556 3547 atate.
574 3495 726 3548 x111t522
765 3495 867 3546 Caesar
882 3502 942 3565 post
965 3497 1060 3547 luorum
1078 3487 1165 3550 oetier.
1188 3499 1214 3550 ia
1236 3493 1323 3545 tatum

286 3577 379 3621 unctus
393 3573 448 3625 est,
474 3567 612 3624 nectebat-it,
639 3570 772 3640 ἐμετικὴν
791 3569 895 3636 apebat.
933 3566 1030 3634 Itaque
1046 3575 1072 3622 et
1092 3570 1148 3620 edit
1162 3577 1187 3620 et
1205 3566 1261 3619 bibit
1273 3555 1325 3614 tted

287 3648 313 3690 et
329 3638 464 3710 jucunde,
497 3639 605 3707 opipare
626 3655 690 3686 sane
713 3645 739 3686 et
759 3645 896 3706 apparate.
934 3655 959 3690 v.
986 3639 1085 3690 duvcn.
1106 3641 1135 3690 X
1159 3639 1194 3699 6,
1218 3632 1267 3687 tlt
1282 3635 1324 3688 teti·

287 3711 361 3761 Ilinc
382 3711 480 3762 Seneo.
497 3710 533 3758 ud
550 3705 677 3758 Helviam
692 3705 728 3758 9:
759 3708 872 3757 Verrunt
890 3715 920 3757 ret
937 3708 1036 3768 edant,
1055 3709 1135 3760 edunt
1152 3718 1181 3759 ut
1197 3707 1287 3759 cernant.

341 3779 388 3830 Dii
406 3788 431 3829 te
447 3777 583 3848 perduint.
627 3778 675 3829 sie
699 3779 781 3846 plane
807 3779 869 3828 Par.
896 3778 943 3829 ll.
970 3777 1057 3830 Arch.
1080 3781 1141 3833 Pal.
1165 3763 1324 3830 celbertensis:

287 3847 351 3900 Eri.
376 3849 458 3901 ler
484 3848 617 3918 perdunt,-
654 3849 756 3900 ceteri:
780 3848 905 3916 perdant.
941 3849 1019 3902 Haec
1047 3845 1234 3902 exsecrationis
1253 3829 1324 3891 1ὀυυιΙ1

290 3921 364 3988 apud
387 3918 514 3969 Comicus
535 3920 699 3986 praesertim
722 3919 803 3969 obvia
827 3925 876 3970 est.
913 3920 979 3971 Ter.
1001 3921 1102 3973 Hectit.
1120 3923 1163 3980 lv
1179 3920 1211 3980 e,
1228 3915 1257 3967 e:
1285 3904 1324 3954 Ul

290 3989 394 4056 quidem
413 4006 498 4039 omues
512 3989 552 4038 dii
562 3989 702 4054 deaeque,
727 3996 852 4054 quercetum
869 3997 908 4039 est
923 3989 1006 4060 Syro,
1037 3991 1102 4042 Cum
1118 4002 1163 4042 tuo
1178 3979 1323 4041 iscoemettt·

290 4076 398 4126 euucpne
415 4060 517 4127 incepto
532 4059 665 4129 perduint.
701 4059 770 4111 ssec.
786 4060 802 4109 1
819 4060 857 4119 9,
877 4060 934 4120 ὅθι
974 4061 1025 4110 ΑΓ
1038 4072 1063 4113 te
1083 4063 1113 4112 di
1128 4063 1235 4128 deaeque
1246 4041 1324 4122 perdidt*

291 4149 347 4182 cum
363 4131 430 4179 istae
448 4129 517 4180 odio.
534 4159 566 4168 ··-
601 4129 735 4200 fugitive!
760 4130 872 4181 ¹ullor.
891 4132 1000 4182 saell
1017 4132 1050 4193 ⁷,
1071 4134 1176 4187 ll5'ct
1193 4131 1222 4190 5,
1240 4121 1274 4177 lli
1298 4113 1325 4160 ll'

291 4203 392 4270 gitivos
408 4201 468 4251 scre
485 4219 592 4269 semper
609 4204 635 4250 in
653 4217 763 4252 crucem
782 4217 840 4252 esse
856 4203 994 4262 sublatos,
1023 4206 1119 4254 autad
1137 4202 1232 4254 bestias
1247 4187 1325 4244 ,nuder

291 4279 388 4332 nator,
415 4271 482 4322 satis
502 4279 595 4323 notum
617 4278 666 4324 cet.
689 4299 735 4340 —4
757 4271 792 4322 In
816 4273 909 4325 verbis
931 4291 1006 4342 seqq.
1027 4275 1089 4326 Ere.
1105 4273 1190 4325 Arclt.
1207 4267 1277 4321 09¹³
1298 4261 1325 4328 li*

293 4335 368 4398 ruodo
386 4343 518 4416 inprobus
536 4351 561 4394 et
575 4342 682 4413 sacceus,
707 4343 756 4396 aad
775 4344 855 4395 ctiam
879 4361 968 4395 acueres
985 4362 1020 4396 es.
1057 4343 1180 4416 lteccpta
1194 4349 1266 4394 taum
1277 4325 1324 4379 lectt
