2766 5026
297 371 389 430 rao
408 371 612 464 cauare
630 371 824 462 ursona.
1032 375 1116 454 287

95 547 237 602 Adueruut
249 542 350 598 Miloni
365 543 402 614 Q.
420 543 605 606 llortemim,
631 541 807 605 licCicero,
834 542 1164 607 ll.ll1areellus‚'d1.ss

40 619 163 680 Calidius,
181 617 219 670 M.
236 615 327 679 Cato,
354 617 474 670 Faustus
487 616 577 684 Sylla.
595 615 784 701 rerbapauca
797 614 833 684 Q
850 613 1017 668 Hortensius
1036 619 1115 678 uixit,

39 695 178 759 quaesunt,
203 689 307 740 liberos
325 705 384 740 esse
403 705 466 748 eos,
493 689 540 756 qui
550 705 605 756 pro
623 703 715 740 servas
724 689 948 757 postulareu‘ture
976 706 1038 740 uam
1053 694 1118 760 post

38 769 157 812 recentem
174 762 281 816 caedem
301 760 496 811 manumiserat
518 776 564 810 eos
580 757 650 809 Milo
671 758 721 809 sub
738 755 791 810 laoc
812 759 913 820 titulo,
926 760 1014 827 ¹quod
1034 766 1119 829 eaput

39 851 99 882 suum
112 833 160 882 ulti
174 836 270 882 essent.
587 847 592 857 ’
835 883 838 888 ,

93 903 165 954 llaec
183 901 335 968 agebantur
352 915 444 950 mense
464 896 644 950 intercalari:
669 903 735 966 post
757 897 829 949 diem
847 896 1020 966 trigesimum
1039 900 1117 960 tere,
1129 910 1169 964 η

39 992 102 1039 quarn
122 979 179 1023 erat
198 971 314 1022 Clodius
336 971 461 1030 occisus,
489 966 526 1036 Q.
538 966 671 1019 Metellus
684 969 781 1035 Scipio
802 969 830 1018 in
852 977 948 1020 senatu
968 976 1065 1026 contra
1078 971 1118 1022 Μ.

39 1044 184 1112 Caepionem
205 1047 370 1110 eoaquestus
391 1045 448 1100 est,
475 1057 506 1090 ac
530 1039 563 1090 de
585 1039 669 1089 caede
685 1037 717 1088 P.
733 1037 830 1089 Clodii
847 1039 945 1090 salsum
969 1059 1028 1096 csse
1050 1041 1120 1093 dixit

39 1117 97 1182 quael
114 1114 178 1164 Milo
202 1114 241 1164 sic
262 1131 290 1163 se
312 1111 495 1170 detenderet,
523 1108 696 1160 etClodium
710 1109 843 1161 Aricinos
860 1111 1022 1165 decuriones
1050 1111 1119 1167 allo·

39 1185 121 1252 quenti
141 1185 228 1252 gratia
249 1183 365 1242 abiisse,
396 1181 554 1250 proiectum
572 1197 634 1230 eum
654 1197 702 1230 sex
724 1198 755 1230 ac
772 1180 837 1230 XX.
853 1181 955 1241 ser-visa
986 1182 1120 1234 Milouem

40 1255 111 1306 subito
126 1260 186 1324 post
197 1254 294 1306 horam
310 1257 452 1322 quartam,
480 1256 577 1302 senatu
589 1252 687 1310 misso,
717 1268 778 1301 cum
793 1243 881 1324 servii
897 1251 1013 1321 amplius
1030 1252 1120 1305 CCC.

40 1327 129 1376 arcuatis
143 1326 250 1377 obviam
264 1325 290 1374 ei
304 1323 488 1381 contendisse,
505 1329 532 1372 et
543 1339 627 1390 supra
640 1321 766 1374 Bovillas
779 1322 965 1391 inopinantem
978 1323 1007 1374 iu
1018 1325 1120 1388 itinere
1164 1357 1166 1362 ·

40 1391 191 1463 aggressurus
218 1393 259 1446 ibi
273 1393 305 1445 P.
322 1393 453 1445 Clodium
466 1392 557 1445 tribus
571 1393 732 1444 vulneribus
748 1395 895 1462 acceptis„
914 1394 1040 1447 Bovillas
1056 1412 1120 1465 per·

39 1467 119 1517 latum:
136 1467 295 1526 tabernam,
314 1465 342 1515 in
360 1483 440 1532 quam
453 1463 634 1533 profugerat,
655 1470 843 1537 expugnatam
854 1483 871 1515 a
884 1463 1006 1516 Milonea
1026 1468 1121 1518 semis-

39 1539 115 1587 niuem
129 1535 258 1588 Clodium
270 1532 440 1596 extractum,
465 1535 493 1583 in
512 1535 556 1585 ria
570 1534 664 1604 Appia
685 1536 806 1586 occisum
829 1552 905 1596 esse,
938 1537 1121 1606 annulumque

41 1609 446 1732 ttlttl'ttttt.ttz
458 1604 1121 1731 tttltlt¹⁰¹²t¹⁰tt¹¹¹'tt‘tetlltttttt

612 1712 620 1735 2

44 1755 106 1809 essct,
129 1751 160 1800 de
178 1767 259 1801 servo
273 1748 391 1799 Alisone
406 1748 595 1815 quaestionem
607 1748 647 1796 ita
658 1696 803 1806 habuisscp,
831 1754 862 1798 ut
876 1766 936 1798 eum
951 1749 1122 1802 articulatim

45 1827 190 1872 conrecaret:
222 1820 348 1873 villicum
369 1824 398 1868 et
419 1819 487 1867 duos
507 1823 656 1886 praetcrea
675 1835 770 1868 servos
787 1813 946 1887 jugulasse:
982 1838 1015 1871 ex
1032 1821 1121 1872 serris
1198 1870 1201 1880 ,

47 1888 127 1950 Clodii,
160 1892 207 1960 qui
221 1891 359 1940 dominum
375 1885 567 1947 defenderint,
592 1889 718 1938 undecim
738 1905 796 1940 csse
815 1889 995 1941 interfectore
1021 1890 1123 1943 Miloni

50 1961 93 2012 droa
104 1963 170 2013 solos
186 1963 295 2013 saucios
305 1961 399 2011 'factos'
414 1977 489 2010 esser
510 1953 544 2009 oln
561 1977 630 2026 quac
644 1957 776 2008 Milonem
789 1966 903 2028 postero
917 1959 961 2009 dic
977 1960 1048 2011 xil.
1064 1980 1121 2014 ser·
1164 2017 1167 2021 ,

49 2047 91 2089 ros,
104 2035 144 2100 qui
159 2035 185 2084 ei
197 2034 314 2083 maxime
330 2035 442 2099 operam
454 2037 618 2089 navasseut,
636 2030 839 2091 manumisisse,
858 2029 1018 2098 populoque
1032 2033 1121 2086 tribu·

50 2102 82 2150 tin
91 2099 186 2170 singula
197 2104 287 2154 millia
302 2104 374 2152 aeris
388 2102 423 2151 ad
437 2102 625 2152 defendendos
641 2102 674 2150 dc
688 2119 717 2150 se
730 2118 855 2152 rumores
870 2101 988 2154 dedisse.
1106 2097 1109 2106 ’

94 2173 156 2224 Mile
168 2176 276 2226 misisse
293 2173 329 2223 ad
345 2169 396 2223 Cri.
410 2171 571 2242 Pompeium
589 2170 748 2238 dicebatur,
776 2173 850 2239 quod
868 2170 1000 2240 Hypsaeo
1020 2167 1171 2224 summe13

47 2243 162 2305 studebat,
184 2246 266 2314 'quod
279 2245 372 2296 luerat
394 2244 461 2317 ejus¹
474 2249 620 2311 quaestor,
648 2242 782 2294 desistere
797 2261 825 2295 se
840 2244 974 2312 petitione
997 2235 1122 2294 consula-

45 2317 87 2378 tus,
114 2317 134 2368 si
154 2318 193 2366 ita
217 2317 244 2367 ci
264 2316 421 2368 videretur:
455 2313 615 2383 Pompeium
636 2314 829 2382 respondisse,
858 2307 963 2365 'nemini
983 2331 1016 2366 se
1032 2333 1122 2386 neque
1165 2313 1169 2322 ⁴

43 2387 154 2448 petendi,¹
164 2403 255 2455 neque
265 2386 423 2454 ‚desistendi
437 2392 577 2436 auctorem
592 2403 667 2446 esse,
696 2395 784 2452 ne'que
799 2385 896 2453 populi
911 2386 1028 2437 Romani
1045 2393 1123 2455 pote-

43 2459 132 2517 statem,
164 2465 210 2509 aut
225 2455 386 2515 eonsilium,
418 2460 464 2506 aut
483 2456 645 2507 senteutiam
666 2455 919 2524 interpellaturum.
952 2457 1052 2509 deinde
1070 2475 1124 2526 per

43 2522 66 2572 C.
79 2526 220 2588 Lucilium,
256 2529 302 2596 qui
323 2533 440 2596 propter
459 2525 497 2576 M.
518 2525 665 2578 Ciceronis
679 2543 680 2548 ¹
694 2527 911 2578 familiaritatem
939 2529 1041 2580 amicus
1064 2533 1125 2580 erat
1169 2525 1171 2531 ⁴

40 2591 133 2657 ldilcni,
159 2602 249 2668 egisse
265 2598 550 2668 quoquadieebatur,
576 2615 653 2649 nese
670 2598 704 2649 de
720 2596 817 2650 haere
835 2597 1125 2658 consulendoiuridia
1153 2637 1165 2671 .·
1228 2653 1230 2658 ,

41 2675 156 2719 oneraret.
408 2679 412 2686 '
737 2669 743 2683 ¹

92 2739 165 2790 Inter
177 2739 247 2792 haee
260 2757 320 2791 cam
337 2737 531 2790 crebresceret
545 2753 655 2798 rumor,
677 2737 731 2790 Cn.
745 2737 906 2808 Pompeium
921 2739 1013 2792 creari
1038 2740 1123 2801 dicta·
1135 2734 1175 2789 ld
1246 2763 1251 2778 ι

40 2812 122 2868 torem,
146 2828 234 2878 neque
250 2817 406 2879 opportune
423 2809 506 2860 aliter
520 2809 592 2860 mala
614 2809 734 2860 civitatis
749 2810 842 2878 sedari
854 2827 951 2878 possea
983 2813 1070 2863 visum
1083 2817 1126 2862 est

41 2880 209 2943 optimatibus,
229 2884 317 2932 tutius
333 2899 408 2941 esse,
424 2879 499 2930 ‘eum
519 2880 658 2931 consulem
675 2881 732 2932 sine
749 2881 863 2948 collega
875 2898 988 2932 creare:
1016 2888 1044 2934 et
1065 2899 1125 2933 cum

40 2952 138 3010 tractata
159 2971 190 3003 ea
209 2971 257 3004 res
279 2958 351 3003 esset
371 2953 398 3001 in
416 2957 533 3012 senatu,
549 2953 624 3003 facto
639 2952 667 3000 in
681 2952 720 3002 Μ.
735 2951 834 3002 Bibali
848 2949 1010 3003 sententiam
1026 2952 1056 3002 S.
1074 2951 1124 3012 0.,

17 3017 23 3044 ‘
39 3014 179 3089 Pompeius,
206 3025 241 3074 ab
256 3023 399 3092 interrege
414 3022 477 3073 Ser.
494 3023 633 3091 Sulpicio,
659 3021 696 3073 V.
713 3022 779 3073 Kal.
795 3022 879 3074 Mart.
896 3039 988 3076 mense
1004 3023 1113 3075 interea

40 3087 110 3151 lario,
128 3095 222 3145 cousul
238 3101 348 3168 creatus
364 3099 421 3153 est,
441 3094 586 3172 statimque
603 3093 773 3144 consulatum
786 3094 856 3144 iniit.

95 3178 197 3231 Deinde
212 3187 277 3248 post
291 3180 489 3249 dicm2tertium
506 3182 540 3232 dc
559 3165 669 3246 lapibus
684 3181 761 3232 novis
776 3179 899 3232 t'ereuclis
914 3178 1028 3232 retulite
1056 3179 1123 3231 duas
1135 3166 1174 3220 15
1225 3217 1229 3233 .
1259 3203 1262 3216 ·

42 3261 65 3294 ex
87 3249 113 3298 S.
135 3250 166 3302 C.
187 3252 384 3322 promulgarit.
425 3251 556 3303 Alteram
582 3249 616 3300 de
635 3251 689 3310 vi,¹
713 3269 766 3319 qua
786 3252 946 3302 nominatim
961 3250 1073 3302 caedem
1094 3250 1124 3302 io

40 3315 115 3384 Appia
128 3323 170 3372 ria
182 3325 300 3382 factam,
322 3329 349 3373 et
362 3322 519 3378 incendium
534 3321 643 3380 curiae,
672 3327 700 3372 et
716 3321 824 3372 domum
838 3321 878 3372 M.
891 3321 993 3390 Lepidi
1005 3321 1123 3378 interre-

42 3387 72 3449 gis
90 3400 267 3460 oppugnatam
288 3391 504 3462 oomprelrendit.
540 3391 669 3443 Alteram
685 3392 718 3442 de
733 3392 851 3444 ambitu:
883 3409 999 3460 poenam
1014 3393 1123 3459 gravio-

42 3471 93 3517 rem,
112 3469 136 3512 ct
154 3465 269 3514 serenam
279 3459 448 3533 judiciorum
461 3463 627 3528 breviorem.
664 3463 791 3530 Utraque
807 3465 877 3514 euim
890 3464 935 3514 lex
947 3463 1025 3532 prius
1038 3469 1124 3514 testes

41 3526 89 3578 lari
101 3549 147 3598 per
161 3536 297 3594 triduum,
318 3535 416 3585 deinde
431 3552 484 3585 uuo
501 3535 640 3602 dicatque
658 3536 754 3589 eodem
770 3541 798 3588 et
812 3535 846 3584 ab
866 3540 1028 3589 accusatore
1045 3540 1073 3582 et
1088 3533 1121 3582 ab

41 3612 78 3648 reo
90 3607 212 3670 perorari
224 3605 355 3675 jubebat,
376 3606 461 3660 itaut
474 3606 543 3656 duae
558 3604 644 3655 horae
660 3606 826 3666 accusatori,
845 3611 903 3658 tres
917 3621 969 3655 reo
980 3604 1122 3660 darentur.
1176 3655 1178 3668 ,

96 3695 145 3747 llis
160 3700 269 3768 legibus
286 3700 421 3755 obsistere
434 3699 472 3752 Μ.
488 3698 586 3750 Celiu's
602 3699 733 3750 tribunus
752 3701 792 3768 pl.
812 3699 1024 3750 studiosissimus
1039 3691 1174 3747 Milo-16

41 3760 74 3844 nis
85 3777 190 3822 conatus
205 3777 255 3830 est,
277 3771 351 3838 quod
365 3777 393 3824 ct
404 3770 584 3838 privilegium
598 3772 706 3822 diceret
718 3771 746 3820 in
761 3771 893 3822 Milouem
911 3770 991 3828 ferri,
1012 3774 1039 3820 et
1049 3769 1123 3838 judi-

43 3847 76 3886 cra
91 3843 282 3910 praecipitaris
313 3848 341 3893 et
362 3860 421 3893 cum
442 3843 612 3908 pertinacius
633 3843 723 3909 legem
747 3841 843 3892 Celius
863 3841 1056 3909 titupcraret‚
1090 3855 1122 3892 eo

42 3911 160 3966 Processit
173 3914 231 3964 irae
244 3913 408 3981 Pompeius,
426 3919 457 3964 ut
473 3912 595 3972 diceret,
616 3914 640 3962 si
655 3918 767 3976 coactus
781 3919 868 3970 esset,
895 3911 977 3982 armis
993 3928 1022 3962 se
1036 3925 1123 3978 remp.

44 3972 210 4035 defensurum:
233 3983 348 4034 timelrat
363 3990 451 4034 autem
466 3983 613 4051 Pompeius
629 3983 777 4042 Milonem,
796 4002 845 4033 scu
860 3983 957 4034 timere
971 3999 1000 4032 se
1015 3981 1123 4031 simula·

44 4039 88 4094 lit·
104 4051 259 4121 plerumque
271 4071 325 4104 nou
340 4055 412 4104 domi
428 4072 507 4113 suae,
527 4056 576 4105 sed
590 4055 618 4103 iu
632 4052 720 4105 lroitis
734 4054 878 4112 manebat,
898 4054 982 4120 idque
994 4049 1082 4122 ipsum
1095 4053 1123 4101 iu
1154 4097 1156 4100 ,

46 4120 228 4186 repertoribus,
255 4126 505 4192 circaquoslctiam
519 4123 723 4194 maguamanur
738 4115 856 4176 militaui
873 4125 1043 4191 excubabate
1073 4124 1123 4173 Se·

46 4192 120 4265 naam
133 4191 335 4263 quoque'semel
349 4198 377 4244 in
390 4197 501 4263 porticu
519 4214 568 4248 suo
582 4196 718 4247 lnabuerat
732 4195 895 4266 Pompeius,
923 4196 997 4263 quod
1015 4195 1124 4244 diceret
1145 4245 1147 4250 ,

46 4258 164 4315 lamerese
179 4267 323 4319 adventum
337 4263 470 4317 Milonis.
559 4267 560 4274 ’
949 4267 953 4273 ’

84 4391 86 4394 .
102 4329 168 4386 lleia
179 4339 303 4406 proximo
316 4343 411 4390 senatu
425 4337 457 4386 P.
469 4335 636 4388 Cornificius
652 4337 757 4386 terrum
770 4335 903 4388 Milonem
915 4327 988 4386 intra
1004 4333 1121 4384 tunicam
1135 4331 1171 4380 ll
1274 4343 1276 4350 ’

48 4387 130 4453 latere
144 4407 178 4456 sd
191 4407 280 4460 femur
294 4409 438 4476 alligatum
453 4408 569 4458 dixerat.
600 4407 808 4478 pqst'ulavsrat‚
834 4413 865 4457 ut
885 4407 974 4486 femur
990 4404 1121 4502 auclar'ctc

881 4675 890 4725 -1
959 4671 965 4682 ι
