2782 5022
247 373 332 450 πθ
632 343 965 476 onurro

249 541 431 626 quiescunt.
473 541 528 603 Au
554 549 591 604 tu
619 543 786 606 existimus
816 551 873 604 aut
903 550 1079 625 suppetere
1108 543 1210 606 nobis
1240 565 1336 626 posse,
1370 549 1375 617 ἦ

250 625 338 707 quod
356 624 503 708 quotidie
524 626 685 700 dicamus,
707 628 742 686 iu
760 635 852 688 tants
868 628 1027 688 varietate
1045 649 1175 701 rerum,
1207 628 1274 688 nisi
1290 631 1337 688 aui·
1369 629 1375 661 'l

248 731 317 768 mos
337 716 467 783 nostros
491 710 641 771 doctriua
663 709 869 783 excolamus,
902 720 957 772 out
978 712 1063 770 serre
1085 711 1215 771 animos
1238 719 1338 771 tantan
1370 713 1375 744 a

248 813 347 872 posse
368 793 630 867 contentionem,
671 793 737 853 nisi
754 814 810 853 eos
836 795 989 855 doctriua
1003 794 1126 854 eadem
1146 795 1337 854 relaxemus?
1370 809 1375 828 ‘³

249 875 320 955 Ego
343 896 420 936 vero
442 876 569 949 fateor,
603 899 653 950 me
683 877 734 936 bis
764 876 884 937 studiis
914 899 987 938 esse
1010 875 1167 938 deditum.
1219 879 1337 938 Ceteros
1373 878 1375 911 ⁴

248 960 383 1040 pudeat,
406 957 435 1019 si
458 960 514 1043 qui
537 981 571 1020 se
595 960 642 1020 ita
663 959 770 1021 literis
782 958 809 1042 1)
833 961 1042 1034 abdiderunt,
1065 968 1101 1020 ut
1122 960 1214 1020 nibil
1230 961 1336 1042 possint
1369 997 1375 1004 -

249 1064 290 1102 ex
318 1042 369 1102 bis
402 1065 442 1103 ne
469 1064 508 1103 uc
541 1043 582 1102 nd
613 1065 811 1104 communem
839 1045 951 1104 afferre
981 1045 1143 1122 fructum,
1187 1067 1296 1126 neque
1319 1045 1336 1101 iu

248 1065 632 1210 adspectumbrrcemque
650 1128 812 1208 proferre.
833 1149 884 1189 me
908 1137 1019 1194 nutem,
1037 1127 1116 1211 quid
1136 1129 1281 1206 pudeat,
1300 1127 1336 1209 qui
1371 1181 1375 1188 .

231 1216 299 1290 =tot
322 1230 422 1269 annos
444 1209 492 1269 ita
513 1210 609 1282 vivo,
644 1210 791 1283 iudices,
827 1218 863 1271 ut
886 1233 904 1272 u
926 1210 1048 1272 nullius
1064 1210 1104 1290 2)Ι
1122 1233 1279 1294 umquam
1305 1231 1337 1268 ne

249 1298 395 1372 tempore
418 1300 473 1352 sut
497 1294 686 1366 commodo,
718 1300 773 1353 aut
795 1295 896 1354 otium
918 1315 1021 1354 mcum
1044 1294 1271 1366 abstraxerit,
1301 1301 1336 1352 aut
1374 1339 1375 1366 ,

201 1374 398 1456 tdyoluptas
416 1376 584 1449 avocarit,
607 1385 661 1437 aut
681 1376 821 1460 denique
843 1399 972 1437 somnus
994 1377 1202 1437 retardarit?
1249 1378 1336 1453 Quare
1374 1415 1375 1435 r

170 1467 174 1474 '
250 1459 322 1540 quis
344 1459 476 1518 taudem
497 1481 547 1520 me
569 1458 812 1540 reprehendat,
849 1469 903 1520 aut
927 1461 998 1544 quis
1022 1459 1101 1521 mibi
1122 1460 1196 1521 iure
1222 1481 1337 1521 succen-
1374 1479 1375 1506 i

249 1548 337 1617 seat,
362 1542 407 1615 si,
430 1549 584 1630 quantum
604 1543 723 1603 ceteris
747 1542 788 1604 bd
810 1565 884 1604 suas
907 1565 959 1604 res
983 1543 1173 1616 obeundas,
1201 1553 1336 1626 quantun
1374 1553 1375 1578 ³

250 1624 290 1686 ad
323 1625 426 1690 festos
458 1625 529 1685 dies
561 1625 712 1687 ludorum
742 1625 976 1700 celebrandos,
1013 1635 1168 1710 quantum
1202 1627 1248 1686 ad
1277 1626 1335 1686 alias
1373 1621 1375 1638 ⁴

248 1705 457 1788 voluptates,
493 1717 526 1769 et
554 1709 596 1770 ad
622 1709 726 1792 ipsam
752 1711 898 1793 requiem
925 1710 1024 1770 animi
1046 1718 1078 1770 ct
1102 1710 1256 1792 corporis
1280 1731 1333 1769 con·

268 1979 270 1984 Ι
303 1897 332 1975 l)
350 1908 391 1959 ita
408 1913 438 1960 ts
456 1871 557 1960 liteiis.
593 1907 624 1978 2)
643 1908 678 1960 ab
696 1907 808 1962 nullius.

299 2124 445 2186 suppetere.
480 2115 640 2184 Quintil
667 2117 705 2178 i,
733 2117 791 2170 2⁷2
834 2117 983 2168 Plurimum
1005 2115 1075 2168 dicit
1095 2118 1203 2178 oratori
1232 2114 1331 2182 coriscus

250 2185 449 2258 Tlseopbrestus
467 2187 606 2238 lectionem
620 2196 774 2258 poetarum,
802 2190 930 2256 multique
956 2189 1012 2259 ejus
1023 2187 1161 2258 judicium
1185 2192 1332 2254 sequuntur·

246 2276 329 2324 neque
348 2260 486 2309 immerito.
523 2259 644 2326 Namque
662 2261 695 2309 ub
715 2260 759 2310 bis
776 2260 805 2309 in
822 2261 900 2310 rebus
919 2261 1046 2329 spiritus,
1068 2267 1095 2308 ct
1112 2260 1141 2309 iu
1158 2260 1251 2310 verbis
1268 2253 1331 2304 subli-
1374 2269 1375 2282 ¹

246 2331 344 2387 mites,
370 2336 396 2379 et
423 2327 613 2397 inuffectibus
640 2337 725 2380 motus
753 2331 854 2389 omnis,
888 2337 914 2380 et
939 2332 967 2396 iu¹
987 2332 1110 2398 personis
1134 2328 1218 2380 decor
1233 2328 1332 2398 petitur·
1374 2327 1375 2388 J

242 2397 439 2470 praecipueque
457 2401 530 2450 velut
549 2403 646 2451 attrita
663 2396 819 2469 quotidiano
836 2408 899 2451 ectu
912 2400 1014 2470 fiireusi
1031 2401 1137 2471 iupeuiu
1152 2402 1252 2469 optime
1264 2411 1332 2448 remu
1374 2395 1375 2423 ³

247 2471 343 2520 talium
362 2469 496 2522 blanditia
513 2480 684 2542 reparantur.
720 2471 837 2539 Ideoque
855 2472 884 2523 in
908 2472 959 2522 bue
984 2472 1097 2523 lectione
1118 2469 1214 2522 Cicero
1235 2467 1332 2535 requies·
1374 2479 1375 2528 j

246 2540 357 2608 ceredum
370 2548 460 2610 putat.
854 2551 855 2558 ’
1021 2591 1025 2598 ,
1372 2539 1375 2563 ³

292 2619 328 2661 'se
346 2612 387 2666 itu
405 2613 492 2663 literis
511 2612 680 2664 abdiderunt.
699 2612 781 2664 Hunc
798 2613 947 2666 verborum
964 2613 1088 2663 ordinem
1102 2611 1216 2663 restitui
1231 2627 1263 2660 ex
1279 2621 1330 2656 omn.
1374 2617 1375 2634 ¹

247 2681 328 2734 Parr.
345 2683 431 2734 Bavv.
451 2684 512 2734 edd.
529 2684 608 2735 lium.
624 2683 715 2736 Venn.
736 2713 767 2723 -
794 2685 869 2735 Fam.
885 2684 949 2734 vll
966 2683 1006 2734 55
1024 2683 1152 2733 sublim:
1188 2681 1262 2732 Mihi
1272 2674 1330 2748 judi·
1373 2681 1375 2705 ¹

247 2761 335 2804 catum
352 2761 408 2812 est,
436 2763 478 2804 me
497 2762 581 2804 totum
602 2755 630 2804 in
653 2754 747 2808 literas
768 2755 874 2805 abdere.
911 2755 1002 2806 Pravo
1022 2755 1109 2822 igitur
1126 2753 1216 2805 Areb.
1240 2769 1273 2800 m.
1291 2762 1330 2797 sec.

149 2836 151 2853 '
247 2823 419 2876 addixerunt.
440 2855 471 2864 —-
508 2824 680 2877 Phil.118=
711 2825 824 2876 Tantum
840 2826 927 2879 dicam
945 2854 992 2883 -,
1018 2844 1056 2875 me
1073 2843 1119 2875 ricc
1135 2827 1204 2894 reip.
1222 2825 1268 2880 rste
1282 2816 1328 2868 atsi·
1372 2827 1375 2848 '⁴

221 2889 224 2896 ¹
246 2897 285 2946 eis
303 2913 425 2961 unusquam
437 2893 569 2963 defuisse,
589 2903 616 2945 et
633 2904 721 2957 temeri
735 2899 803 2946 orsisii
817 2915 912 2967 periere
928 2903 1148 2945 monumentorum
1164 2911 1277 2945 meorum
1285 2903 1329 2966 per¹

245 2965 340 3036 fecisse
359 2967 445 3036 operis
467 2968 629 3025 subsecivis,
656 2975 688 3016 ret
707 2985 778 3017 ureae
795 2968 907 3038 oipiliue
922 2967 1157 3033 meusqucliterae
1175 2975 1202 3016 et
1215 2963 1327 3033 succretust
1374 2955 1375 3046 ξ

246 3035 390 3095 utilitatis,
410 3045 440 3088 ct'
453 3040 552 3089 nomini
570 3037 646 3088 Rom.
666 3037 756 3088 lucedis
773 3037 880 3104 aliquid
895 3037 1030 3105 afferrent.
1046 3065 1078 3076 —-
1103 3035 1235 3106 prolirre.
1264 3031 1327 3081 01¹³!-

245 3107 263 3160 I
280 3107 330 3167 54,
352 3107 426 3159 157:
452 3107 510 3159 Illa
525 3111 708 3160 commentatio
726 3109 830 3159 inclusa
843 3111 871 3160 iu
883 3110 1008 3159 veritatis
1024 3107 1107 3156 lucem
1118 3102 1280 3177 prostrcrulu
1292 3104 1326 3148 esl-

298 3196 316 3228 u
332 3179 432 3229 nullius
453 3210 485 3220 -
504 3179 645 3230 corssruodo.
682 3180 729 3231 lta
746 3180 839 3239 edidi,
867 3185 977 3230 secutus
993 3175 1103 3228 Ert'uri.
1120 3179 1181 3228 Em.
1200 3173 1320 3236 Barbpr
1374 3173 1375 3219 i

245 3247 319 3298 Pall.
340 3249 547 3310 rusurensis
568 3269 612 3318 pr.
635 3251 705 3305 Bar.
727 3257 756 3302 et
773 3250 847 3314 Οὔκ,
872 3251 901 3300 iu
919 3250 1017 3318 quibus
1033 3256 1125 3300 tamen
1139 3243 1325 3317 praepositiot

207 3379 209 3384 .
247 3320 393 3379 omittitur,
412 3320 494 3372 Parr.
512 3321 538 3372 l.
554 3321 581 3373 2.
599 3319 629 3372 li.
646 3319 673 3371 5.
689 3319 717 3371 (i.
735 3321 762 3372 ⁷.
779 3320 799 3371 9
818 3327 846 3372 et
862 3321 888 3370 d.
905 3338 991 3388 marg.
1008 3320 1104 3379 idest,
1125 3321 1236 3374 codices
1252 3325 1324 3366 excas·

246 3408 290 3441 sos
315 3409 330 3440 a
349 3390 498 3452 Victoris,
527 3393 574 3461 qui
594 3391 664 3444 banc
689 3392 755 3444 lect.
777 3392 902 3442 defendit
925 3391 953 3440 in
976 3391 1044 3440 Var.
1062 3389 1142 3440 Lect.
1158 3390 1191 3439 II
1209 3387 1229 3440 9
1246 3387 1323 3462 coutfa

245 3461 336 3512 illam:
366 3469 396 3511 ut
413 3463 446 3512 ub
465 3462 522 3512 illis
542 3491 573 3501 -
594 3462 770 3520 commodum,
806 3480 875 3532 quae
896 3462 924 3511 iu
951 3462 980 3512 d.-
999 3466 1067 3512 text.
1089 3459 1176 3511 Arcb.
1201 3477 1233 3511 m.
1256 3471 1292 3526 pr·
1303 3465 1322 3498 ¹¹¹

208 3575 211 3582 ,
244 3531 515 3601 marg.Vcn.1499,
535 3532 761 3601 Hervag.Naug.
780 3531 857 3584 Cam.
876 3538 972 3584 exstat.
1008 3529 1096 3582 Errut
1112 3538 1203 3582 tamen
1219 3530 1258 3581 vir
1272 3525 1321 3574 ‘¹⁰⁰‘

244 3609 298 3663 tus,
318 3604 381 3659 dum
397 3605 496 3656 scribit
511 3611 633 3656 nostram
648 3605 804 3662 lectionem,
825 3622 905 3672 quam
920 3603 1002 3654 etiam
1017 3601 1166 3652 Lambinus
1183 3603 1211 3651 iu
1226 3594 1320 3670 Annuit·

244 3674 289 3726 ed.
308 3673 388 3726 1566
402 3675 511 3735 refert,
531 3676 668 3744 integram
681 3674 806 3726 cubibcri
820 3676 848 3725 in
866 3675 899 3724 iis
914 3672 1013 3732 libris,
1040 3670 1095 3740 qui¹
1101 3673 1199 3741 primis
1214 3677 1320 3734 reupon-

244 3743 296 3794 bus
314 3748 406 3796 excusi
423 3747 495 3807 sint;
522 3764 638 3816 namque
662 3747 723 3798 edd.
741 3746 822 3797 Rom.
838 3745 963 3796 Venetae
983 3741 1072 3794 14⁷2.
1095 3742 1237 3794 1480-5.
1258 3727 1318 3813 1492

245 3820 313 3865 text.
333 3833 393 3866 cum
407 3816 541 3886 Arcbiep.
560 3837 594 3868 m.
606 3836 661 3870 sec.
677 3817 828 3886 praebente
847 3823 878 3865 ut
893 3833 911 3866 a
926 3815 1066 3865 nullius—
1076 3814 1240 3869 commodum,
1255 3812 1317 3888 ctfln

247 3884 335 3937 edidit
351 3886 508 3948 Lambinus,
530 3895 621 3956 atquc,
635 3895 739 3940 mutato
752 3892 795 3944 τῶ
803 3905 820 3936 e
829 3888 858 3938 iu
867 3889 910 3946 ub,
931 3885 1078 3943 Graevius,
1098 3903 1184 3952 quem¹
1191 3887 1251 3954 jure
1265 3879 1317 3927 vm·

244 3962 327 4024 perat
343 3955 498 4019 Ernestius}
519 3962 592 4028 quod
609 3977 664 4010 non
682 3959 834 4011 attenderit
848 3960 883 4009 ad
898 3963 1054 4008 structurac
1070 3953 1262 4008 Cicerouianao
1274 3945 1315 3994 ΜΡ

246 4044 316 4076 mum
338 4033 366 4078 et
391 4031 610 4082 concinnitatem.
632 4060 663 4070 -
700 4031 734 4080 Iu
753 4049 811 4080 rem
830 4030 890 4081 eie.
911 4029 944 4079 de
963 4027 1019 4078 Off.
1037 4023 1071 4075 11
1090 4023 1123 4086 l,
1143 4025 1180 4079 d:
1217 4023 1260 4074 Cui
1273 4028 1315 4096 tim

246 4097 356 4148 inultum
369 4099 521 4152 adolescens
538 4103 661 4170 temporis
679 4102 852 4158 tribuissem,
861 4107 1036 4170 posteaquam
1052 4096 1196 4148 bonoribus
1213 4095 1314 4147 imerus

247 4171 338 4238 coepi,
357 4187 446 4237 meque
463 4178 544 4236 ¹totum
558 4175 624 4242 reip.
638 4171 758 4222 tradidi.-
783 4179 885 4222 tautum
902 4177 962 4220 erut
973 4167 1163 4237 philosophiae
1179 4169 1236 4224 ioci,
1252 4167 1312 4228 tw*

247 4245 301 4290 tum
318 4241 488 4310 superflueret
505 4245 648 4300 erisicorum
662 4250 687 4293 et
703 4244 768 4311 reip.
786 4243 953 4310 temporibus.
972 4258 997 4290 v.
1014 4257 1041 4308 p.
1060 4239 1079 4288 l.
1092 4225 1171 4290 Lblau.
1189 4240 1204 4291 l
1221 4255 1244 4306 p·
1259 4229 1311 4308 Mil:

246 4309 311 4363 :tet
327 4311 356 4364 4.
375 4331 402 4382 p.
420 4312 501 4364 Sulla
515 4313 544 4364 9.
561 4316 590 4364 in
607 4315 774 4378 Verr.,l)iv.
793 4314 845 4365 15:
888 4312 942 4374 Qui
956 4327 1028 4360 oreris
1046 4315 1163 4379 tempus,
1190 4291 1309 4380 puodttii'

246 4383 280 4434 eb
296 4385 439 4436 urrsicorum
452 4386 613 4456 repotiis
631 4381 728 4445 detur,
747 4385 776 4436 iu
788 4384 831 4436 bis
849 4383 946 4435 studiis
962 4397 1118 4436 concursum.
