2802 5028
357 384 450 438 eno
480 385 608 442 ausu
638 384 859 460 usumin„
1080 385 1161 463 115

55 553 196 618 caritate
230 553 280 614 rei
310 553 554 616 frumentariae
574 564 753 617 consecute
782 564 855 630 est,
894 555 989 617 unius
1004 555 1163 618 bominis

55 661 116 722 spe
135 637 162 718 1)
187 646 219 697 et
242 637 391 710 nomine,
424 648 575 720 quantam
604 640 659 700 vix
686 661 727 699 ex
756 660 876 700 summe
896 640 1046 700 ubertate
1070 661 1162 720 egro·

52 743 128 782 rum
146 719 300 781 diuturne
315 723 521 801 paxefficene
534 721 708 803 potuisset.
741 724 823 796 Iam,
846 730 983 804 accepta
998 722 1033 780 in
1052 722 1160 784 Ponto
1172 739 1222 798 45·

56 805 244 876 calamitate
267 825 308 865 ex
330 823 368 867 eo
390 805 544 885 proelio,
575 806 615 866 de
640 828 703 888 quo
725 819 783 866 v'os
806 806 918 887 paullo
942 814 1015 866 ante
1038 805 1161 868 invitus

56 886 223 960 admonui,
246 907 318 948 eum
340 888 423 952 socii
436 889 703 968 pertimuissent,
731 887 874 951 bostium
896 911 975 972 opes
999 889 1161 971 animique

57 971 254 1043 crevissent,
268 970 355 1032 ¹setis
377 973 501 1034 firmum
523 971 721 1052 praesidium
735 973 905 1053 provincia
922 994 989 1034 non
1007 971 1162 1033 baberet:

57 1055 252 1116 amisissetis
276 1053 407 1130 Asiam,
440 1055 610 1132 Quirites,
649 1056 715 1116 nisi
736 1057 778 1116 ad
799 1057 905 1138 ipsum
924 1057 952 1134 ²)
987 1055 1164 1116 discrimen

57 1141 132 1199 eius
161 1137 316 1217 temporis
351 1138 515 1200 divinitus
541 1140 602 1200 Gn.
630 1137 820 1220 Pompeium
850 1140 891 1200 ad
925 1162 979 1200 eas
1010 1140 1162 1220 regiones
1215 1173 1221 1207 ,-

57 1226 190 1284 scrtuna
212 1221 329 1301 populi
350 1221 688 1288 Romaniattulisset.
731 1222 848 1284 Huius*
863 1221 1022 1285 adrentus
1047 1231 1080 1282 et
1099 1221 1163 1302 Mt,

55 1306 235 1366 thr-idatem
264 1305 401 1370 insolita
422 1306 648 1370 inflammatum
669 1306 810 1366 victoria
833 1308 1017 1380 continuit,
1050 1313 1083 1367 et
1105 1305 1163 1364 'fi-

57 1411 190 1470 granem
217 1390 341 1467 magnis
374 1389 479 1469 copiis
507 1389 711 1449 minitantem
739 1389 838 1450 Asiae
872 1389 1062 1452 retardavit.
1118 1387 1163 1449 Et

58 1474 230 1556 quisquam
258 1471 442 1545 dubitabit,
476 1471 556 1554 qnid
586 1472 940 1554 virtute-perfecturus
965 1472 1072 1552 sit3),
1106 1472 1163 1554 qui

57 1565 184 1617 tantum
213 1555 410 1616 auctoritate
440 1555 646 1636 perfecerit?
687 1564 741 1616 aut
771 1579 865 1638 quem
895 1557 994 1617 facile
1024 1555 1160 1638 imperio
1214 1600 1215 1611 .

1062 1695 1162 1706 -a

115 1763 145 1832 1)
160 1765 239 1813 rusius
259 1780 316 1832 spe.
353 1762 384 1830 11)
403 1733 487 1812 adid
504 1763 602 1831 ipsum.
640 1761 671 1828 5)
691 1763 871 1832 profecturus
889 1765 926 1815 sit
946 1791 977 1803 -
995 1763 1160 1836 profecerit.

1 1997 3 2026 1
66 1959 153 2022 eribus
170 1960 309 2012 πεσοῦσαι
324 1954 414 2024 λόγον
431 1953 566 2026 ἡδομένῳ
586 1958 628 2028 τῷ
642 1953 724 2027 δήμῳ
747 1965 910 2029 παρεῖχον,
939 1949 1073 2019 ὠςάύτὸ
1091 1952 1161 2016 roei·

66 2046 146 2100 νομα
158 2033 210 2082 τοῦ
224 2028 385 2097 Πομπηΐου
399 2023 501 2080 λέλυκε
518 2031 572 2080 τὸν
591 2024 730 2098 πόλεμον.
750 2024 838 2084 Idem,
858 2027 951 2077 reditu
967 2042 1020 2075 suo
1033 2044 1051 2075 a
1065 2033 1164 2076 screatu

1 2108 2 2111 ’
68 2099 194 2155 decreto,
211 2098 315 2148 factum
330 2113 407 2155 csse,
427 2101 525 2148 narrat
542 2089 643 2146 Cicero
662 2114 689 2164 p.
706 2096 786 2147 demo
802 2095 838 2146 6':
869 2091 934 2145 Cum
950 2095 1056 2145 demea
1072 2095 1162 2167 dipsi-

60 2177 119 2219 tate
139 2175 242 2217 senatus
259 2185 295 2206 2¹-
319 2166 496 2218 decrevissete
524 2168 612 2216 subito
638 2165 687 2216 illo
705 2163 763 2236 ipso
782 2167 826 2218 die
846 2169 1012 2217 carissimam
1030 2181 1162 2216 ennormm

53 2258 105 2290 nee
125 2240 235 2306 opinate
248 2238 343 2288 vilitas
358 2246 499 2288 eorueeeta
516 2244 563 2288 est.
590 2238 747 2306 J’ronemen
763 2239 911 2294 relativum
928 2239 974 2304 qni
992 2238 1161 2290 adverbum

54 2311 179 2381 ejusdcm
192 2309 309 2358 membri
323 2309 501 2360 referendum
516 2315 567 2367 est,
586 2314 617 2360 ut
630 2310 741 2377 saepius
753 2311 827 2378 apud
842 2309 1018 2360 Ciceronem.
1039 2309 1074 2360 de
1086 2308 1158 2378 liep.

49 2381 68 2432 I
84 2381 124 2433 4:
162 2379 192 2430 ls
210 2377 332 2446 pierreius,
351 2382 393 2430 cui
408 2398 465 2428 cum
480 2379 572 2428 liceret
587 2374 700 2448 rreejores
718 2383 819 2432 exotio
835 2379 940 2448 fruetus
956 2398 1059 2448 capere,
1079 2397 1160 2448 queam

49 2453 166 2509 ceteris,
191 2468 243 2499 non
266 2445 459 2507 dubitaverim,
487 2469 525 2498 me
543 2451 712 2520 pravissimis
736 2445 934 2519 tempestatibus
962 2449 1159 2520 obviarnferre

46 2521 296 2576 commendemus
325 2523 421 2571 civium
450 2538 540 2570 carisa.
577 2539 604 2588 p.
631 2521 708 2570 Sext.
736 2519 793 2571 592
834 2522 888 2584 Qui
914 2531 1018 2588 qnoque
1042 2530 1157 2590 tempore

49 2599 210 2662 conspectus
223 2600 291 2651 erat,
311 2610 363 2640 non
375 2590 451 2641 modo
466 2591 643 2660 gladiatores,
662 2590 709 2640 sed
726 2585 786 2657 eqni
804 2594 856 2662 ipsi
869 2593 1053 2663 pladiatorupr
1066 2611 1156 2662 repen·

1 2701 2 2704 =
49 2668 118 2717 tinis
145 2662 233 2713 sibilis
260 2663 472 2724 extimescebam.
508 2679 534 2714 r·
550 2679 578 2733 p.
596 2663 627 2712 S.
644 2657 810 2729 Roscieiti.
836 2664 859 2730 ξ.
878 2664 927 2713 25.
945 2682 972 2731 p.
984 2663 1092 2714 'Milone
1107 2663 1156 2714 29.

47 2740 72 2806 ξ.
93 2733 148 2786 79.
168 2739 238 2783 extr.
274 2733 309 2782 Iu
330 2749 406 2801 seqq.
430 2749 482 2784 vex
503 2731 617 2784 immicis
636 2749 668 2784 cx
686 2731 748 2782 urs.
765 2733 871 2783 Werd.
887 2730 960 2785 flitt.
977 2741 1092 2802 recepta
1113 2739 1157 2796 est

46 2828 63 2860 a
85 2804 226 2858 (irruerit).¹
796 2839 800 2848 ,
859 2816 862 2818 ’

103 2878 130 2944 §.
151 2873 202 2925 45.
238 2871 275 2924 ad
299 2873 383 2941 ipsum
405 2871 550 2921 'discrimen
576 2870 632 2940 ep‘rss
658 2874 792 2940 temporis.
830 2873 880 2924 Sic
897 2869 979 2941 piane
996 2873 1106 2923 Erfurt.
1127 2878 1156 2924 et

46 2946 242 3002 Coloniensis,
263 2945 361 3010 quibus
376 2943 469 2994 favent
478 2943 559 2993 Pare.
573 2943 598 2993 1.
610 2943 637 2993 2.
647 2941 675 2993 6.
685 2943 780 3010 Arcti,
791 2961 872 2994 manu
888 2963 931 3012 pr.
943 2945 1052 2994 Veneta
1064 2942 1152 3003 14711.
1189 2951 1207 2966 “

44 3017 174 3069 Decede
195 3015 231 3065 nd
250 3015 333 3083 ipsum
350 3014 405 3083 ejus
417 3013 541 3082 temporis
559 3013 737 3073 exhibentes,
765 3017 839 3082 quod
856 3017 883 3066 in
898 3016 978 3065 Parr.
992 3015 1020 3066 ὅ.
1039 3014 1066 3064 7.
1083 3013 1111 3064 8.
1125 3013 1155 3063 b.

45 3090 109 3140 Em.
130 3089 174 3137 cd.
190 3087 270 3136 Rom.
287 3091 501 3135 correctumest
515 3084 557 3133 in=
577 3085 605 3158 id
619 3087 703 3153 ipsum
720 3083 776 3154 ejds
795 3083 928 3153 temporis.
965 3085 1154 3152 Praepositio-

44 3179 106 3212 nem
127 3158 165 3207 nd
177 3159 285 3225 saepius
302 3157 335 3206 de
348 3164 472 3224 tempore
483 3156 621 3223 usurpari,
641 3156 727 3206 multa
739 3155 860 3224 probant
875 3157 1007 3223 exempta.
1026 3157 1088 3205 Att.
1097 3154 1151 3204 14:

43 3234 147 3282 vernias
172 3228 208 3278 ed
228 3226 257 3277 id
281 3235 397 3296 tempus,
426 3225 496 3292 quood
521 3227 625 3275 scribis.
663 3226 738 3276 Fam.
761 3227 795 3275 Π
820 3227 875 3276 ll:
911 3225 960 3277 Ad
983 3227 1154 3276 constitutam

43 3303 117 3352 diem
137 3299 297 3356 deeedenms.
334 3299 412 3348 Finn.
430 3296 528 3347 1151.
547 3297 570 3363 §
588 3295 663 3348 102:
700 3291 822 3346 Omnium
837 3298 952 3347 sidenem
968 3297 1065 3354 eodem,
1084 3296 1153 3346 unde

35 3373 174 3442 'prosecta
191 3371 259 3426 sint,
283 3368 335 3440 fiat
360 3369 396 3418 ad
413 3386 491 3418 unum
510 3374 608 3436 tempus
629 3370 755 3417 reversio.
792 3368 904 3418 Dictum
923 3373 965 3420 est
981 3369 1067 3434 igitur
1081 3379 1151 3434 pro:

44 3445 71 3492 in
88 3447 159 3513 ipso
179 3441 335 3491 discrimine
352 3441 409 3508 ejus
425 3438 576 3506 temporis3
604 3443 635 3488 ut
648 3435 714 3488 Ter.
730 3439 820 3488 Andr.
837 3438 888 3488 111
906 3438 942 3498 2,
971 3437 1027 3488 52¹:
1060 3437 1153 3502 Atque

43 3515 112 3565 adeo
138 3513 167 3562 in
182 3513 242 3579 ipse
257 3518 370 3580 tempore
387 3528 473 3560 eccum
495 3503 579 3576 ipsum
597 3510 709 3564 obviem.
746 3508 883 3560 Graevius
911 3515 1054 3577 comparat
1074 3507 1158 3558 Fam

45 3583 75 3634 ll
95 3585 136 3636 ⁷:
154 3621 161 3630 .
178 3581 256 3644 Quod
273 3581 346 3652 inid
360 3581 523 3649 reipublicae
539 3585 637 3648 tempus
655 3597 707 3628 non
725 3579 860 3636 incideris,
879 3579 926 3634 sed
941 3580 1045 3628 veneris
1064 3577 1150 3646 (judi-

45 3657 84 3705 tio
103 3655 181 3706 enim
196 3660 256 3708 tue,
275 3669 406 3715 reomense
424 3652 452 3700 in
469 3651 553 3720 ipsunt
569 3649 710 3699 discrimen
725 3667 811 3700 rerum
833 3650 971 3704 eorstulisti
987 3641 1151 3700 tribunonrm

45 3733 119 3776 neum
127 3731 160 3788 ),
184 3723 305 3791 prefecto
328 3722 421 3780 eides,
448 3725 550 3790 qdanta
573 3722 615 3770 nis
642 3722 670 3770 iu
694 3720 830 3788 republica
855 3729 997 3789 temporum
1017 3722 1072 3780 sit3
1107 3727 1149 3772 et:
1215 3753 1218 3759 ι

49 3797 142 3857 Quam
160 3794 301 3843 recordere
328 3799 387 3842 tues
411 3793 584 3862 rrtapistratrm
607 3789 636 3840 in
659 3792 723 3856 ipse.
738 3791 896 3842 discrimine
911 3791 1037 3842 incidisse
1051 3791 1149 3842 saletis

44 3866 269 3932 firrturearemque
284 3866 403 3914 eueniunt.
436 3865 480 3913 Ex
495 3861 561 3911 meis
578 3875 651 3911 unus'
661 3862 749 3912 deter.
766 3869 847 3914 notae
865 3864 952 3914 codex
969 3879 982 3912 c
998 3880 1079 3912 manu
1093 3879 1148 3912 see.

45 3941 169 4004 praebet
185 3936 214 3986 id
231 3937 315 4004 ipsum
332 3937 470 4002 temperis,
505 3931 579 4000 quod
596 3932 667 3982 ferri
682 3940 791 3999 posset,
818 3935 842 3984 sl
854 3934 998 3983 meliorum
1009 3934 1149 3986 librorum

46 4009 203 4059 auctoritas
231 4006 447 4072 suffragaretur,
475 4021 590 4069 namque
607 4003 666 4054 Iris.
684 4004 701 4052 I
722 4003 776 4055 50:
804 4012 934 4074 purgaret
954 4023 998 4062 se,
1027 4001 1148 4070 quodid

46 4074 175 4148 tempdris
188 4078 312 4128 venisset.
350 4077 416 4126 Tac.
435 4077 497 4125 xli
516 4075 569 4125 122
588 4073 743 4124 Armeniam
756 4082 851 4142 petrmt
866 4075 895 4124 id
911 4077 1035 4142 temporis
1050 4077 1146 4142 impor-

46 4154 149 4200 tunam.
186 4145 547 4215 v.p.n1il.c.10.§‚28.
584 4144 620 4195 Id
635 4147 719 4214 ipsum
734 4145 838 4212 legitur
854 4146 927 4214 apud
943 4147 1009 4199 Ter.
1028 4146 1099 4198 Eun.
1118 4145 1146 4194 V

47 4216 81 4276 2,
101 4219 144 4270 69
163 4235 253 4286 neque
272 4225 363 4269 tumen
380 4218 414 4266 de
432 4223 556 4284 tempore
574 4224 743 4284 usurpatum.

98 4283 266 4358 perfecturos
284 4290 321 4337 sit
337 4317 368 4327 --
382 4287 534 4356 persicerit¹
563 4288 611 4338 Sic
627 4288 689 4338 ltrf.
703 4287 830 4354 plerique
846 4287 926 4338 Parr.
942 4293 970 4338 et
982 4287 1067 4338 ΒΜ.
1084 4301 1144 4337 curn

49 4359 92 4408 td·
109 4362 241 4412 Romane.
278 4361 318 4410 Ae
340 4359 405 4408 Par.
434 4358 460 4408 1.
485 4357 544 4407 Em.
572 4377 595 4408 c.
619 4358 743 4408 Venetae
764 4357 932 4426 profecturus
951 4387 981 4396 »-
998 4355 1144 4424 projecerit

49 4443 100 4492 per
116 4431 304 4501 eonspendium
322 4431 455 4497 scripturn
470 4428 608 4484 exhibent,
628 4431 702 4498 quod
717 4429 825 4498 recepit
841 4427 985 4480 Graevius.
1024 4427 1141 4494 Saepius
