2766 5018
206 412 210 419 ,
285 365 434 440 paor
466 381 622 450 sumo
645 371 843 442 ultores.
1041 387 1121 468 581

29 579 81 640 ego
103 571 211 617 meum
239 571 338 634 saepe
360 573 479 636 corpus
499 561 533 616 ct
559 553 659 617 vitam
682 553 791 617 obieci
808 553 903 616 u'rmis
922 554 1126 620 inimicorum

28 651 146 702 tuorum
158 663 173 698 z.
201 659 266 717 ego
293 658 342 702 me
363 637 511 719 plurimis
530 659 589 718 pro
606 646 643 698 te
664 637 845 719 supplicem
864 638 986 716 abiecit
1017 638 1147 716 bona.
1200 707 1202 712 ,
1221 636 1230 684 -’

27 727 165 786 fortunas
194 741 309 794 meas,
349 742 386 780 ac
411 719 587 792 liberorum
613 741 776 794 meorum,
806 723 840 781 iu
869 723 1126 786 communionem

27 817 145 868 tuorum
176 813 363 885 temporum
384 803 526 866 contuli:
559 803 622 864 boc
648 805 789 902 denique
814 805 981 886 ipsodie,
1014 807 1042 866 si
1061 823 1134 890 quta¹

27 889 70 951 ris
94 897 144 952 est
169 895 309 968 parata,
340 887 368 946 si
396 910 458 969 qua
484 886 655 949 diminutio
674 887 940 968 capitisiutura,
969 888 1126 969 deposco.

30 973 107 1050 Quid
125 972 190 1032 ium
207 971 339 1031 restat?
363 969 584 1052 quid'lrabco‚
608 971 720 1054 [quod
735 971 887 1056 dicant]
906 973 995 1056 quod
1008 972 1125 1034 iaciant

30 1078 80 1138 pro
94 1057 157 1116 tuis
174 1055 212 1114 in
235 1075 286 1114 me
303 1053 446 1126 meritis,
469 1053 535 1114 nisi
559 1062 593 1114 ut
617 1075 685 1115 cam
702 1055 880 1126 fortunam,
904 1077 1126 1140 quaecumque

35 1139 172 1211 mittun,
191 1138 314 1197 ducam
329 1136 457 1197 meam?
478 1201 479 1206 .
500 1137 574 1198 Non
589 1158 727 1210 recuso,
754 1160 820 1198 non
840 1135 966 1198 abnuo}
1000 1160 1126 1222 vosque

37 1223 176 1295 obsecro,
208 1220 361 1292 iudices,
391 1226 550 1281 utvestra
571 1220 748 1292 beneficia,
782 1243 867 1307 quae
886 1221 1126 1284 in-me‘contu·

38 1303 128 1378 listis,
158 1311 220 1365 aut
237 1304 273 1364 in
289 1303 384 1363 liuius
407 1303 512 1364 salute
529 1304 701 1384 augeatis,
731 1304 836 1366 autin
855 1304 1001 1368 eiusdem
1022 1305 1124 1368 exitio

41 1407 172 1447 occasura
194 1407 272 1446 esse
289 1385 442 1448 videatis.
498 1417 503 1432 .
666 1393 668 1398 '

85 1470 155 1530 Gur.
179 1469 369 1530 XXXVII.
420 1467 483 1529 llis
505 1467 649 1530 lacrimis
675 1490 750 1538 non,
766 1479 914 1532 movetur
940 1469 1034 1540 Milo.
1071 1467 1191 1534 ostiti

36 1553 156 1634 quodam
182 1539 381 1613 incredibili
399 1552 516 1613 robore
544 1553 658 1614 animi:
691 1553 841 1615 exsilium
855 1554 903 1614 ibi
919 1575 992 1616 esso
1010 1561 1124 1636 putat,

31 1635 80 1694 uhi·
93 1637 207 1697 virtuti
224 1657 293 1696 non
311 1635 354 1706 sit
372 1634 485 1702 locus:
508 1644 643 1697 mortem
663 1644 799 1698 naturae
820 1638 915 1698 finem
934 1658 1028 1713 esse,
1060 1659 1128 1699 non

31 1737 162 1797 poenam.
235 1719 290 1779 Sit
326 1718 380 1777 bic
404 1739 446 1778 ‚ea
472 1721 601 1793 mente,
639 1742 702 1802 qua
725 1729 821 1782 natus
846 1729 907 1782 cst.
937 1721 1027 1805 quid'
1045 1741 1127 1795 vos,

31 1800 169 1862 iudices?
215 1802 440 1884 quo‘tandem
468 1802 573 1863 animo
603 1801 719 1863 eritis?
751 1801 960 1883 ,Memoriam
990 1803 1127 1864 Milonis

32 1883 228 1953 retinebitis:
245 1881 360 1965 ‘ipsum
379 1884 547 1946 eiieictis?
581 1884 692 1946 eterit
716 1885 846 1966 dignior
863 1885 955 1947 locus
975 1886 1010 1946 in
1028 1885 1127 1965 terris

14 1967 126 2041 =ullus,
157 1969 217 2052 qui
250 1968 334 2028 hanc
355 1967 509 2030 virtutem
542 1967 706 2048 excipiat,
741 1990 835 2049 quam
861 1968 935 2042 bic,
971 1969 1026 2052 qui
1057 1990 1128 2050 pro·
1155 1993 1157 1999 ·

34 2053 167 2112 creavit?
214 2051 287 2112 Vos
301 2071 317 2126 ,’
339 2073 398 2111 vos
426 2051 580 2132 appello,
613 2049 879 2124 fortissimiviri,
911 2051 967 2136 qui
993 2050 1128 2116 multum

34 2152 82 2210 pro
97 2133 274 2217 republica
298 2135 492 2215 sanguinem
510 2135 686 2196 effudistis:
709 2154 768 2195 vos
783 2134 819 2198 iu
832 2133 913 2207 viri,
937 2134 1024 2195 etin
1045 2133 1127 2196 civis

36 2215 133 2278 invicti
163 2217 302 2300 appello
330 2218 497 2298 periculo,
546 2218 779 2291 centuriones,
828 2239 951 2302 vosque
985 2217 1127 2281 militess

37 2299 112 2360 vohis
129 2324 198 2364 non
210 2301 310 2364 modo
329 2301 613 2381 inspectantibus,
636 2302 696 2361 sed
713 2301 810 2361 ctiam
826 2301 973 2372 armatis,
997 2310 1030 2362 et
1050 2301 1127 2362 liuic

34 2379 142 2446 iudicio
180 2378 493 2467 praesidentibus‚'
512 2384 594 2445 baec
633 2393 725 2444 tanta
752 2385 856 2444 virtus
888 2407 929 2444 cx
959 2384 1021 2444 buc
1046 2386 1125 2456 urbe

37 2467 238 2547 expelletur?
261 2467 551 2528 exterminabitur?
574 2468 796 2550 proiicietur?
839 2467 869 2526 0
887 2489 936 2530 me
952 2468 1103 2529 miserum
1115 2467 1202 2542 ,101

76 2640 144 2700 bonu
161 2642 300 2711 sortientes.
338 2639 456 2711 Saepius
474 2638 542 2694 boec
557 2643 721 2712 junguntur.
756 2659 784 2712 p.
802 2641 886 2696 Cuee.
905 2643 960 2695 15:
979 2643 1027 2694 Ad
1045 2645 1129 2694 incer·
1178 2678 1180 2682 -

34 2713 79 2759 tun
100 2713 229 2764 revocari
254 2712 341 2770 bona,
374 2711 516 2780 sbrtunas,
540 2715 721 2782 possessiones
748 2715 873 2776 cronium.
912 2732 939 2782 p.
965 2717 1045 2764 domo
1072 2712 1128 2766 1οι

34 2776 182 2835 inminebat
209 2792 272 2834 tuus
296 2779 375 2849 furor
401 2785 513 2833 oninium
533 2784 651 2853 fortunis
673 2786 799 2836 ethonis.
836 2785 920 2836 Verr.
934 2784 951 2834 I
966 2785 1023 2836 llll-r
1062 2784 1130 2847 Qui·

35 2849 130 2904 luscum
148 2856 209 2906 uiui
227 2855 296 2905 bonu
311 2860 406 2905 nostra
419 2856 570 2922 partimur,
589 2857 623 2907 iis
638 2863 750 2925 praetor
766 2855 898 2914 adimere,
923 2857 999 2908 nobis
1017 2856 1128 2918 mortuis

35 2920 95 2973 bono
108 2923 289 2994 fortunasque
301 2921 423 2993 poterit?
461 2927 496 2976 ad
514 2945 540 2994 q.
556 2928 576 2978 l.
593 2927 714 2978 Aecum:
750 2923 828 2977 Boua
848 2927 876 2976 in
894 2927 960 2996 ipsis
981 2926 1128 2994 possessio·
1176 2957 1179 2962 ·

35 2993 119 3054 nilus,
136 2995 267 3064 fortunae
283 2997 312 3046 in
324 2995 456 3063 {ructibus
473 3013 572 3048 carum.
609 2989 762 3066 Tac.⁸Agr.
782 2997 838 3048 512
857 2997 936 3047 Bona
951 2994 1129 3063 fortunasque

35 3060 207 3118 uertentem
232 3073 349 3136 eperunt.
387 3085 412 3118 s.
428 3067 478 3117 111
495 3068 552 3118 Cat
576 3067 602 3120 1.
627 3085 655 3137 p.
674 3069 704 3120 S.
723 3069 808 3123 Rosc.
824 3065 852 3118 5.
897 3067 1014 3118 Temere
1041 3067 1130 3134 igitur

35 3129 125 3188 licum.
142 3157 168 3191 v.
188 3140 259 3190 bona
277 3155 328 3206 pro
347 3138 510 3206 glossemate
526 3138 624 3189 babuit
737 3169 743 3176 -
807 3164 810 3172 ·

79 3208 102 3256 si
123 3226 177 3276 qua
195 3207 342 3260 dimicatio.
379 3209 441 3258 Eri.
467 3215 586 3276 quatuor
601 3208 689 3274 Lagg.
713 3208 850 3276 praebent
868 3205 1026 3267 diminutio,
1054 3205 1131 3274 quod

36 3279 136 3344 recepit
154 3279 303 3331 Gruterus.
330 3279 598 3347 Sedutcrquellav.
614 3277 793 3329 Asculum.
812 3279 1030 3348 completisque
1048 3278 1131 3328 codd.
1237 3278 1238 3281 ’

11 3341 12 3346 ’
36 3348 140 3400 tuentur
165 3351 272 3417 vulgat.
298 3348 444 3400 dimicatio.
482 3347 530 3401 Sic¹
545 3367 572 3418 p.
589 3348 681 3398 Balbo
695 3346 732 3398 9.
770 3348 825 3411 Qui
847 3367 926 3418 saepe
950 3368 978 3399 se
1002 3349 1064 3399 telis
1081 3347 1129 3400 lto·
1186 3365 1188 3368 ·

36 3415 122 3476 stium,
142 3423 189 3487 qui
204 3419 370 3470 dimicationi
388 3420 499 3489 capitis,
518 3421 565 3485 qui
580 3419 659 3470 morti
678 3418 812 3488 objecerit.
850 3419 884 3470 de
898 3419 931 3471 P.
951 3418 984 3470 C.
1001 3418 1038 3471 9.
1075 3418 1130 3480 Qui

37 3498 70 3534 me
88 3507 163 3540 arnor
177 3491 323 3560 [patriae]
339 3491 478 3542 subvenire
492 3489 555 3540 olim
569 3489 777 3559 impendentibus
789 3491 919 3558 periculis
936 3490 1131 3540 maximiscum

38 3553 202 3612 illustratione
218 3563 314 3628 eapitis
332 3565 426 3632 eoepit.
444 3579 470 3614 v.
489 3580 516 3630 p.
528 3561 601 3611 Mur.
610 3561 638 3612 4.
651 3589 683 3602 --
702 3560 783 3610 Parr.
794 3561 822 3611 2.
833 3559 861 3614 5.
872 3559 898 3610 li.
909 3559 937 3611 ⁷.
958 3559 1030 3611 05¹.
1041 3559 1130 3612 Burb.

40 3621 100 3678 Ger.
111 3631 226 3684 dundee.
238 3625 325 3700 Ligg.
335 3633 435 3686 Tam-r.
447 3650 507 3684 cnm
516 3631 605 3687 Venu.
615 3631 702 3682 14⁷2.
713 3630 761 3683 80.
771 3631 820 3684 99.
830 3637 898 3682 text.
907 3629 1017 3682 Lumine
1035 3632 1059 3681 si
1077 3647 1131 3696 qua

40 3691 123 3768 [quoe]
142 3703 278 3754 dirutiontio
298 3703 417 3773 deposco,
437 3703 512 3770 qnod
522 3721 579 3756 uon
595 3704 795 3770 aspernandum
808 3701 957 3754 uidebatur
968 3700 1131 3754 Garatonio.

86 3773 149 3836 quid
166 3773 259 3824 babeo.
295 3773 427 3842 Plerique
452 3774 518 3824 libri
541 3774 647 3826 addunt
673 3772 743 3839 quod
767 3773 867 3840 (quid)
892 3772 987 3822 dicam.
1025 3772 1134 3824 (latent

40 3830 86 3890 boe
109 3844 294 3897 additamento
313 3845 411 3902 Fabri.
437 3855 557 3914 uterque
568 3845 637 3894 Bar.
654 3844 741 3895 Arcb.
757 3843 818 3894 Eri.
836 3843 923 3894 Burb.
943 3841 1008 3893 02¹
1035 3844 1142 3912 plures

41 3902 120 3978 lagg,
139 3916 200 3967 cdd
218 3917 297 3967 Rom.
315 3916 403 3968 Vena.
425 3914 512 3967 1482.
530 3914 571 3967 99
584 3933 669 3983 marg.
702 3915 804 3967 Omnes
821 3921 910 3966 tamen
926 3913 954 3964 bi
971 3913 1040 3964 libri
1053 3932 1132 3980 prae·
1225 3904 1232 3968 .'

42 3971 103 4032 beot
126 3985 192 4051 quid
212 3985 321 4054 facium.
357 3986 438 4037 Infra
454 3985 534 4036 Parr.
549 3985 569 4036 6
587 3992 616 4038 et
631 3985 651 4037 9
669 4003 703 4038 m.
720 4003 764 4056 pr.
788 3985 857 4054 Lag.
873 3984 923 4036 45.
948 3984 1011 4034 Eri.
1025 3984 1132 4036 Wcrd.

43 4043 160 4124 flittorp.
179 4055 251 4110 oux.
268 4057 400 4119 uideatis3
421 4057 508 4109 ceteri
518 4056 650 4127 jsdcutis.
791 4115 792 4120 ¹

89 4122 243 4189 xxxvlle
271 4128 294 4196 ξ.
315 4127 382 4182 101.
419 4125 465 4178 Sit
481 4127 525 4179 tte
545 4155 576 4167 -
595 4135 674 4178 natus
693 4131 740 4176 est.
776 4123 822 4176 Ita
839 4123 904 4176 Par.
922 4123 949 4176 9.
967 4130 1026 4176 tres
1043 4123 1132 4190 Ltgp.
1178 4134 1186 4148 ¹

46 4193 71 4238 et
84 4190 142 4247 Eri.
159 4199 226 4251 Bar.
243 4198 332 4254 Arcb.
352 4199 398 4268 qni
414 4216 474 4248 cum
489 4199 630 4268 plerisque
646 4196 694 4250 sed
710 4194 844 4268 exhibent.
879 4195 995 4248 Fabrm
1025 4194 1072 4244 sed
1087 4195 1132 4244 tte

45 4273 74 4307 ec
89 4275 168 4318 scente
182 4277 260 4321 natus
278 4277 336 4332 est3
357 4270 460 4322 ceteri:
479 4269 526 4320 sed
541 4269 584 4319 iic
601 4288 623 4320 e.
636 4288 668 4321 m.
686 4274 795 4318 ornatus
811 4272 859 4316 est.
896 4284 914 4318 v
940 4284 1023 4333 supra
1039 4266 1061 4333 5
1081 4261 1130 4316 68.

64 4338 301 4414 “ιεκρι11ι1ιινοῐο.
339 4340 407 4392 Gar.
426 4339 521 4392 laudat
537 4339 678 4392 Demostb.
701 4339 728 4388 in
745 4337 896 4406 Aristogit.
919 4355 946 4406 p.
963 4334 1039 4414 ⁷9⁸²
1074 4333 1133 4392 Aet

48 4391 81 4464 lt
97 4408 205 4478 πάντας
217 4416 312 4470 τοῦτο
328 4418 364 4470 τὸ
381 4411 486 4486 θηρίον
500 4413 584 4486 ὑμεῖςΙ
596 4407 744 4486 ἐξορίσαι,
774 4409 860 4478 ῥίψαι
882 4410 912 4464 ἐκ
931 4411 982 4474 τῆς
1003 4403 1132 4478 πόλεως,
