2854 5024
278 376 334 454 ω
568 421 571 428 ,
670 349 1002 427 ouante

209 581 286 638 m
340 541 420 604 Gar.
442 539 565 604 xnlv.
607 539 650 602 In
677 536 777 623 quem¹
802 537 866 601 boc
889 540 1016 614 dicem,
1059 541 1222 624 quaeris,
1251 543 1358 604 Eruci?

203 651 209 658 ·
274 625 513 697 mineum,
555 646 651 708 quem
680 624 731 685 vis
763 631 796 684 et
824 631 931 704 putas.
971 646 1045 685 nam
1067 624 1191 686 Sullam
1220 634 1252 687 ct
1273 630 1358 688 oratio

273 731 345 772 mea
366 709 406 770 eb
427 708 546 781 initio,
581 716 614 768 et
635 707 739 788 ipsius
765 707 881 768 eximia
901 708 1005 769 virtus
1029 709 1116 768 omni
1137 718 1280 791 tempore
1299 733 1362 792 ppr-

273 794 372 873 gavit.
415 791 487 873 Ego
520 790 602 865 base
633 791 740 852 omnia
771 789 1022 875 dlbrysoponum
1054 793 1176 853 secisse
1207 794 1300 867 dico,
1332 803 1359 854 ιι

273 875 505 949 ementiretur,
534 885 570 935 ut
587 873 711 934 'malum
732 874 836 937 civem
856 874 1012 934 Roscium
1034 875 1139 936 luisse
1159 878 1307 958 fingeret,
1332 887 1360 936 ut

272 979 344 1020 eum
359 960 453 1041 ‚apud
475 957 680 1018 adversarios
705 957 849 1018 occisum
872 980 945 1018 esse
969 959 1116 1032 diceret,
1149 968 1185 1021 ut
1213 960 1301 1028 bisce
1328 963 1359 1020 de

270 1046 369 1103 rebus
394 1041 552 1121 elegatis
575 1041 941 1105 Amerinorum'doceri
963 1042 1000 1100 1..
1023 1041 1147 1104 Sullam
1169 1046 1285 1125 passus
1308 1067 1359 1104 non

272 1126 330 1188 sit.
370 1125 522 1206 Denique
545 1125 643 1185 etiam
664 1122 749 1189 illud
772 1125 933 1204 suspicor,
955 1127 1085 1186 omnino
1107 1125 1189 1186 baec
1207 1128 1290 1190 bona
1309 1149 1360 1188 nou

272 1209 424 1286 uenisse:
447 1207 483 1270 id
505 1209 593 1292 quod
611 1215 743 1289 postea,
766 1207 795 1266 si
816 1228 876 1287 per
899 1228 971 1282 vos,
992 1209 1132 1282 iudices,
1155 1208 1281 1272 licitum
1301 1211 1359 1281 erit,

205 1293 450 1374 qossapeuietur.
472 1359 474 1368 .
492 1291 621 1372 Opinoi·
643 1291 729 1350 enim
751 1311 824 1351 esse
846 1291 881 1351 in
901 1290 988 1372 lege,
1009 1315 1105 1376 quam
1132 1294 1173 1354 ad
1196 1294 1281 1354 diem
1301 1315 1359 1374 pro-

273 1375 471 1458 scriptiones
504 1375 780 1458 venditionesque
801 1375 911 1459 *flenti
962 1377 1111 1437 nimirum
1152 1397 1358 1438 sanonum

271 1479 429 1537 sununs.
471 1458 612 1541 Aliquot
638 1465 716 1538 post
744 1478 873 1534 meuses
902 1465 948 1518 ets
966 1458 1059 1520 homo
1083 1461 1214 1520 occisus
1239 1468 1308 1532 est,
1335 1466 1358 1517 ct

270 1543 359 1603 bona
390 1541 522 1602 venisse
543 1541 717 1617 dicuntur.
761 1540 917 1601 Proiecto
940 1550 996 1601 aut
1018 1541 1099 1604 baec
1121 1543 1208 1603 bona
1229 1544 1264 1602 in
1282 1543 1358 1603 tabu·

212 1639 215 1647 ¹
270 1622 320 1684 las
354 1624 504 1706 publicas
535 1623 847 1704 nullavredieruut‚
887 1645 1012 1708 nosque
1044 1627 1084 1685 ab
1112 1626 1178 1687 isto
1214 1626 1358 1687 nebulone

270 1709 410 1786 lucetius
435 1707 610 1782 eludimur,
630 1728 724 1788 quam
747 1715 915 1787 putamus:
940 1717 1007 1782 aut,
1031 1709 1058 1769 si
1080 1709 1264 1784 redierunt,
1284 1709 1357 1770 tabu·

269 1791 323 1851 lae
345 1791 497 1872 publicae
522 1799 694 1871 corruptae
717 1790 826 1872 aliqua
839 1793 966 1852 ratione
983 1801 1068 1874 sunt.
1112 1793 1194 1852 Nam
1214 1793 1287 1874 lege
1304 1793 1357 1875 qui-

272 1874 345 1935 dem
375 1875 461 1936 bona
492 1875 604 1934 venire
636 1895 702 1934 non
732 1875 881 1955 potuisse
913 1884 1052 1938 constat.
1103 1876 1301 1958 Intelligof
1320 1896 1355 1934 ne

271 1966 346 2017 ante
378 1955 526 2038 tempus,
565 1957 718 2028 iudices,
759 1957 840 2016 haec
875 1960 1036 2031 scrutari,
1078 1967 1112 2020 et
1141 1961 1355 2041 propemodum

272 2062 391 2116 errare,
415 2042 483 2125 qui,
506 2041 701 2121 cumcupiti
725 2041 799 2101 Sex.
823 2041 937 2101 Roscii
959 2041 1085 2101 mederi
1109 2043 1258 2117 debeam,
1280 2043 1355 2104 redu-

249 2124 353 2186 .vinm
381 2147 499 2185 curem.
543 2125 617 2184 Non
648 2124 733 2183 enim
761 2123 888 2184 laborat
921 2125 961 2184 de
983 2125 1144 2206 pecunia:
1186 2148 1254 2188 non
1277 2126 1353 2187 allia

227 2207 229 2216 ’
269 2208 429 2275 rationem
461 2208 512 2267 sui
544 2206 706 2269 commodi
734 2207 841 2266 ducit:
883 2209 980 2274 facile
1012 2217 1190 2290 egestatem
1222 2233 1310 2271 suem
1333 2227 1351 2266 ιι

218 2323 220 2328 ·
272 2290 412 2352 laturum
433 2299 548 2372 putat,
579 2290 695 2350 sibae
717 2291 852 2378 indigua
874 2291 1061 2372 suspicione
1085 2299 1118 2352 ct
1140 2294 1218 2355 licto
1243 2293 1353 2354 crimine

207 2373 432 2445 lopliberatus
464 2374 516 2434 sit.
559 2375 680 2440 Verum
712 2397 832 2457 quaeso
863 2397 881 2433 o
903 2376 1017 2449 vobis,
1048 2376 1195 2451 iudices,
1228 2385 1265 2439 nt
1295 2375 1356 2435 baec

273 2479 398 2538 pauca,
432 2462 514 2539 q‘uae
537 2465 683 2531 restant,
713 2459 759 2518 ita
782 2459 941 2532 audiatis,
975 2468 1011 2522 ut
1042 2460 1160 2540 partim
1182 2483 1233 2522 me
1263 2461 1355 2524 dicere

271 2563 331 2621 pro
354 2563 403 2601 mc
426 2541 498 2622 ipso
521 2541 658 2622 putetis,
680 2541 797 2623 partim
819 2564 878 2623 pro
902 2543 976 2602 Sex.
999 2541 1131 2603 Roscio.
1176 2541 1357 2619 Quae‘cnin

170 2623 173 2631 '
271 2624 352 2692 mihi
382 2625 446 2705 ipsi
475 2625 609 2704 indigna
638 2634 671 2684 et
701 2625 924 2686 intolerabilia
952 2625 1125 2706 ridentur,
1164 2649 1310 2712 quaeque
1329 2621 1358 2682 ul

273 2728 406 2780 omnes,
439 2709 504 2768 nisi
524 2710 755 2789 providemus,
789 2709 930 2770 arbitror
950 2710 1140 2790 pcrtinerc;
1174 2733 1212 2770 ca
1241 2735 1299 2794 pro
1321 2726 1358 2768 ne

269 2848 370 2859 ...—

263 2917 366 2987 judieii
383 2916 485 2975 simile,
514 2919 611 2984 inquo
630 2935 682 2967 raon
700 2917 791 2968 modus
810 2916 992 2974 est'bobilus,
1019 2935 1072 2966 non
1091 2937 1145 2968 mos
1164 2909 1358 2983 consuetudoque

209 3037 212 3042 ,
253 2995 389 3045 ,ιιιυαιιι
426 3006 452 3040 v.
471 3007 555 3058 supra
574 2989 597 3056 5.
620 2987 686 3040 125.
706 3006 734 3057 p.
754 2989 827 3038 Mur.
847 2985 895 3038 54.
914 3007 941 3055 p.
963 2986 1059 3055 Quint.
1080 2987 1107 3039 7.

323 3059 430 3109 XLIV.
468 3061 491 3127 5
512 3053 597 3111 127.x
614 3057 724 3128 licisse,
743 3066 781 3108 ιιι.
817 3058 1027 3126 Periphrastica
1045 3060 1096 3118 bac
1116 3060 1273 3117 locutione,
1292 3058 1359 3108 etiam

271 3131 377 3181 omissis
395 3130 603 3198 pronominibus
622 3129 679 3188 boc,
700 3129 728 3179 id
746 3138 804 3188 etc,
824 3131 933 3196 saepius
951 3131 1039 3180 utitur
1059 3131 1162 3182 Cicero
1181 3130 1268 3182 verr.
1286 3125 1358 3180 114:

271 3202 404 3252 Fecerunt
422 3203 519 3260 etium,
547 3209 578 3249 ut
601 3219 738 3269 meprcpe
756 3201 789 3250 de
807 3203 882 3267 citae
901 3219 972 3249 otene
990 3209 1064 3250 stntu
1082 3201 1175 3252 dolore
1194 3219 1227 3252 nc
1247 3196 1358 3268 lacrymis

270 3273 328 3323 suis
346 3271 520 3330 deducerent,
540 3278 570 3320 ιιι
588 3289 635 3340 epo
655 3273 734 3322 istum
753 3289 913 3322 decessorem.
950 3289 977 3339 p.
999 3271 1094 3322 Tullio
1115 3274 1138 3340 5.
1158 3271 1216 3322 ὅδε
1248 3270 1359 3335 Quintiis

173 3385 174 3388 η
272 3344 321 3394 boc
341 3343 399 3392 loco
418 3361 470 3392 non
488 3343 573 3393 solum
590 3343 664 3410 sicit,
684 3349 715 3391 ut
731 3340 885 3409 defenderet
903 3341 1025 3400 Fabium,
1045 3341 1093 3394 sed
1111 3351 1141 3394 ut
1159 3346 1263 3394 omnino
1282 3339 1359 3410 lajac-

271 3413 492 3482 eemodijudieia
510 3412 676 3464 dissolveret.
701 3416 739 3466 jv.
757 3412 878 3464 Verr.l
903 3412 953 3464 dl.
991 3413 1058 3465 Ter.
1078 3415 1184 3482 Hecyr.
1212 3415 1246 3464 11
1272 3413 1307 3471 9,
1331 3408 1359 3458 ll=

191 3545 194 3552 ,
271 3487 368 3536 Patrio
387 3486 475 3535 animo
493 3487 579 3535 victrrs
597 3484 714 3553 fecium,
734 3490 764 3531 ut
783 3485 833 3533 tibi
852 3483 999 3534 concedam.
1181 3505 1184 3512 ·
1298 3495 1300 3502 “

325 3557 348 3624 5.
370 3555 437 3608 128.
474 3556 715 3605 mullerediernnt.
752 3551 786 3602 In
805 3553 886 3605 Parr.
906 3553 940 3614 9,
968 3555 1030 3606 edd.
1051 3555 1130 3609 Rom.
1149 3555 1221 3606 Ver.
1241 3551 1359 3604 inseritur

270 3630 393 3685 ratium,
412 3626 496 3694 prob.
515 3625 678 3676 Garatonio.
716 3625 831 3676 llectius
849 3631 940 3676 tamen
960 3626 1039 3677 abest
1058 3644 1074 3676 a
1093 3626 1168 3676 mell.
1188 3627 1280 3685 libris,
1298 3637 1358 3672 ιιιιιι·

272 3717 325 3766 qne
344 3698 454 3749 adAtt.
474 3697 531 3746 XV
550 3697 604 3746 222
626 3695 724 3746 Sextus
744 3697 777 3745 ab
798 3697 879 3746 armis
898 3697 988 3746 nullus
1007 3696 1131 3746 discedit.
1168 3695 1214 3747 xl
1233 3693 1358 3766 paenulis

271 3769 432 3820 Philotimus
452 3785 504 3816 non
523 3765 597 3816 modo
617 3767 705 3816 nullius
725 3768 811 3824 uertit,
831 3767 885 3816 sed.
922 3767 956 3816 Ιιι
977 3767 1064 3820 llerv.
1084 3769 1188 3834 legitur
1206 3767 1303 3818 niellus.

326 3839 408 3906 cupiti
427 3837 533 3887 resederi.
569 3838 671 3887 Αιιιιιιιι
700 3835 832 3888 Ciceroni
857 3835 1019 3906 metaphora
1043 3839 1070 3887 in
1098 3840 1180 3888 rebus
1206 3835 1358 3889 forensibus·

271 3910 356 3960 Verr.
376 3907 447 3959 152
487 3907 626 3970 eraerot,
655 3908 868 3972 queamdmodum
886 3918 976 3958 nostro
996 3910 1116 3966 crimini,
1141 3927 1192 3974 quo
1209 3916 1287 3978 poeto
1305 3917 1358 3954 suae

273 3978 434 4047 corcfessioni
456 3981 544 4047 possit
570 3978 676 4028 mederi.
730 3979 775 4028 lv
802 3978 859 4030 iil:
903 3979 1041 4030 medemini
1073 3980 1200 4048 religioni
1232 3980 1357 4046 sociorum·

224 4101 228 4114 ,
275 4052 326 4101 0r.
345 4051 370 4099 I.
390 4049 510 4118 51ss9:
548 4050 602 4112 Qui
627 4050 694 4100 lione
715 4067 856 4118 personam
874 4053 1035 4118 sussceperit,
1059 4058 1089 4100 ut
1108 4053 1250 4102 ereticorum
1267 4053 1357 4100 contro-

243 4173 248 4180 ,
272 4123 376 4172 verrios
395 4139 541 4186 crimusque
560 4129 683 4177 tueatur,
711 4121 896 4171 laborantibus
921 4128 1078 4179 croceum-nt,
1106 4124 1195 4192 oepris
1220 4121 1356 4172 tardentur,

269 4194 382 4266 afflictos
402 4193 509 4242 excitet.
546 4192 614 4245 Tac.
633 4191 677 4242 vl
698 4191 753 4242 18:
769 4193 899 4260 periculis
917 4191 1016 4260 fratris
1036 4191 1142 4242 mederi.
1223 4206 1227 4212 ’

323 4263 462 4314 reduviam
480 4281 574 4313 crrrcm.
613 4263 662 4314 Sic
681 4262 746 4314 Par.
765 4263 795 4313 ll.
816 4264 858 4314 ed.
878 4265 958 4315 Rom.
977 4265 1146 4330 Anouymns.
1183 4261 1306 4313 Reducis
1323 4258 1357 4304 etl

270 4334 369 4386 vulnus
389 4351 422 4382 cx
440 4351 547 4401 nuque,
573 4352 633 4386 cunr
652 4334 728 4384 circa
746 4351 851 4400 unques
871 4337 941 4391 cutis
960 4353 989 4386 se
1008 4335 1140 4394 resolvit,
1167 4334 1241 4402 qnod
1259 4330 1355 4380 Graeco

268 4405 439 4474 peraridum
456 4403 680 4478 [παρονυχίον]
699 4403 811 4456 diuitum.
847 4421 873 4456 ι.
891 4405 966 4458 Plio.
985 4403 1121 4464 xxvlll
1144 4403 1174 4456 ll.
1210 4401 1294 4456 XXX
1315 4392 1354 4446 li·
