2854 5024
336 369 416 426 rno
435 361 909 430 sanuosoronnnnmo.
1116 374 1172 452 55

73 539 166 604 vobis
204 539 308 613 haee,
344 561 437 622 quae·
468 539 638 613 audistis,
676 561 811 604 cernere
851 540 957 631 oculis
997 539 1175 616 videmini,
1245 549 1251 564 ¹
1283 543 1288 556 '

73 624 227 688 iudices?
262 643 329 684 non
348 623 442 684 illum
462 624 634 698 miserum,
656 623 802 704 ignarum
825 646 919 687 casus
944 625 1014 699 sui,
1035 625 1176 686 redeuu-

72 719 138 771 tem
160 733 180 779 a
203 727 315 768 coena.
328 693 479 768 ridetis?
505 729 572 770 non
592 708 718 790 positas
740 708 903 770 insidias?
934 731 998 770 non
1020 708 1176 790 impetum
1266 721 1269 731 “

73 789 304 874 repentinum?
351 790 427 852 Non
457 799 608 854 versatur
640 801 715 852 ante
749 792 863 854 oculos
892 792 985 854 vobis
1013 791 1049 850 in
1074 791 1176 852 caede

74 875 235 938 Glaucia?
267 893 334 934 noa
360 875 456 934 adest
475 875 540 934 iste
564 874 601 934 Τ.
631 875 798 937 Roscius?
839 897 906 938 uon
935 875 1002 952 suis
1028 871 1176 934 manibus

73 959 108 1020 in
130 979 227 1022 curru
250 954 394 1020 collocat
415 957 690 1020 Automedontem
710 958 824 1032 illum,
854 959 905 1021 sui
927 958 1063 1023 sceleris
1087 979 1178 1018 acer-

74 1042 201 1102 bissini
221 1039 430 1122 nefariaeque
452 1039 611 1102 victorioe
633 1042 806 1116 nuntium?
836 1064 903 1105 non
926 1049 1016 1115 orat,
1047 1051 1084 1104 ut
1107 1061 1178 1102 eam

75 1133 203 1187 noctem
224 1123 427 1206 pervigilet?
461 1132 498 1185 ut
519 1122 653 1186 honoris
678 1127 729 1186 sui
751 1147 849 1186 cansa
870 1126 1025 1186 laboret?
1054 1133 1091 1186 ut
1114 1120 1200 1186 Ca·'

74 1209 180 1290 pitoni
202 1207 455 1292 quamprimum
476 1206 632 1268 nuntiet?
666 1208 755 1286 Quid
771 1217 853 1284 crat,
876 1209 965 1293 quod
982 1208 1178 1291 Capitonem
1204 1213 1249 1268 oo

76 1293 209 1374 primum
232 1291 318 1350 seire
340 1289 508 1352 voluerit?
550 1290 687 1352 Nescius
720 1291 785 1352 uisi
807 1291 870 1353 boe
892 1293 1010 1365 video,
1042 1292 1179 1372 Capito·

78 1396 148 1436 uem
168 1375 202 1436 in
225 1373 276 1434 lris
300 1373 395 1437 bonis
419 1395 491 1434 esse
515 1373 649 1436 socium.
681 1375 721 1436 de
744 1373 849 1435 tribus
874 1383 906 1436 et
930 1377 1042 1436 decem
1064 1373 1175 1436 fundis

79 1467 144 1520 tres
178 1456 417 1538 nobilissimos(
434 1458 553 1518 fundos
591 1479 663 1520 cum
684 1458 797 1520 ¹video
830 1459 1015 1540 possidere.
1066 1458 1175 1518 Audio
1186 1461 1249 1516 100

79 1551 260 1623 praeterea,
282 1563 348 1602 uon
370 1540 454 1602 banc
477 1539 697 1623 suspicionem
719 1565 805 1602 nunc
826 1542 964 1624 primum
984 1543 1019 1602 in
1041 1541 1178 1622 Capito·

81 1647 151 1686 uem
173 1625 335 1686 eou'ferrie
365 1624 483 1686 multas
507 1645 580 1686 esse
602 1625 738 1686 infames
760 1625 903 1707 palmare
939 1625 1179 1706 banc'primum

48 1787 51 1796 .
84 1731 154 1770 esse
175 1717 282 1770 tamen
304 1708 547 1783 lemniscatam,
579 1731 662 1792 quae
684 1709 806 1778 Romae
830 1709 1015 1771 deferatura
1055 1707 1181 1780 nullum

84 1792 209 1852 modum
230 1813 302 1852 esse
324 1791 462 1854 bominis
486 1787 672 1866 occidendi,
696 1814 760 1875 quo
778 1792 836 1852 ille
855 1811 921 1852 non
942 1790 1069 1876 aliquot
1092 1790 1182 1852 oeci·

89 1875 190 1959 derit:
210 1873 328 1944 multos
345 1876 451 1950 ferro,
472 1873 592 1938 multos
614 1897 750 1938 veneno.
793 1874 912 1936 liabeo
935 1875 1031 1936 etiam
1056 1873 1180 1947 dicere,

92 1981 181 2040 quem
212 1968 322 2022 eontra
351 1981 472 2022 morem
504 1959 679 2034 maiorum,
710 1959 867 2020 minorem
898 1958 990 2018 anuis
1023 1957 1102 2032 Lx,
1139 1956 1204 2032 de¹

92 2049 186 2122 ponte
214 2043 246 2102 iu
274 2043 420 2126 Tiberim
454 2043 623 2104 deiecerit.
666 2065 771 2126 quae,
806 2042 836 2103 si
865 2040 1049 2124 prodierit,
1082 2048 1181 2123 atque
1226 2063 1234 2088 ι

135 2223 302 2276 Automedon
318 2225 440 2280 Achillis
458 2227 556 2294 auriga
570 2227 633 2286 fuit,
649 2244 729 2297 quem
742 2226 770 2276 in
779 2242 864 2278 curru
872 2225 976 2348 posuit,
990 2229 1022 2274 ut
1030 2223 1182 2297 nuntiaret,

83 2297 197 2418 oqcipum
215 2297 376 2420 {lleoatqqem
413 2299 467 2348 An.
485 2315 509 2352 ι.
526 2297 640 2362 ῌοιιιοι.
670 2298 706 2351 11.
724 2295 815 2348 xvll
829 2295 870 2348 42
893 2334 899 2348 .
926 2294 1002 2346 xlx
1016 2293 1084 2345 592.
1100 2293 1183 2346 Serv.

83 2386 98 2419 a
159 2387 199 2419 en.
333 2407 338 2419 .
969 2401 971 2406 .

131 2439 154 2506 5.
173 2437 244 2490 100.
264 2436 385 2507 infames.
411 2433 492 2488 Parr-
510 2436 535 2490 Ι.
551 2437 579 2489 d.
594 2435 621 2490 9.
644 2435 717 2488 041.
737 2437 778 2489 ed.
800 2436 879 2487 Rom.
898 2432 1025 2503 infamias
1035 2431 1183 2504 praebent,

81 2515 111 2560 ut
126 2510 275 2578 legendum
291 2511 434 2561 videatur:
452 2507 565 2577 infames
578 2507 644 2578 eius.
670 2508 734 2560 Par.
752 2507 781 2564 8.
797 2505 934 2576 infamiae.
952 2505 1099 2556 Debentur
1114 2503 1184 2554 haec

80 2581 262 2632 librationum
285 2580 481 2648 negligentiae.
528 2580 576 2630 Sic
601 2580 623 2648 ᾗ.
643 2577 691 2630 87,
713 2580 809 2628 ostiam
830 2594 884 2647 pro
903 2593 932 2626 os
956 2583 1046 2633 marn,
1075 2575 1098 2643 5.
1125 2572 1183 2625 tot
1254 2634 1261 2644 ι

80 2655 222 2703 mintatam
242 2669 294 2720 pro
312 2653 478 2708 minitatum,
501 2651 524 2718 §-
543 2649 599 2700 lli
617 2651 674 2700 eius
694 2666 748 2717 pro
764 2649 802 2698 eis
819 2649 848 2697 in
863 2647 944 2700 Parr.
960 2647 1073 2713 legitur.

130 2723 326 2774 lemniscatam.
362 2721 500 2775 Lemnioci
515 2721 648 2772 fasciolae
666 2721 789 2770 caloriae
808 2719 996 2786 dependentes
1013 2733 1046 2768 ex
1061 2713 1187 2774 'aaronis

79 2793 315 2860 lemniscataeqne
332 2809 467 2851 coronae,
486 2792 557 2842 sicut
575 2790 644 2842 dicit
658 2791 763 2849 Varro,
783 2789 875 2855 magui
891 2788 1008 2839 bonoria
1019 2792 1088 2846 sunt.
1109 2786 1187 2838 Fert.

80 2870 108 2915 et
124 2866 207 2916 Serv.
227 2865 347 2952 ad¹Aem
361 2863 389 2912 V
403 2861 471 2924 969„
489 2863 571 2948 .v⁰¹
587 2868 629 2914 est
641 2879 750 2928 graeca.
771 2858 913 2944 Hesgcb.a
928 2859 1116 2980 dnpvianovq
1132 2857 1188 2924 τὰς

79 2929 553 3062 “rnsstrssttirlsa
576 2931 761 3054 'iiiiii
775 2930 973 3052 {indita
994 2926 1189 3063 im...

81 3081 267 3133 censuerunt,
298 3093 412 3143 quorum
431 3083 522 3126 tamen
540 3073 706 3142 conjecturis
726 3091 793 3142 opus
816 3089 869 3123 non
894 3076 954 3129 est;
990 3068 1095 3120 Romae
1117 3065 1189 3116 enim

76 3147 216 3215 judicium
238 3145 409 3206 habebatur,
446 3163 479 3195 ex
496 3163 549 3213 quo
564 3145 611 3196 isti
630 3145 690 3194 Titi
707 3143 803 3210 Roscii
821 3141 918 3214 spoliis
934 3141 964 3192 Sa
982 3139 1080 3190 Roscii
1096 3135 1190 3204 ornati

80 3220 212 3286 auctique
230 3215 374 3266 discedere
389 3216 527 3268 volebant.
565 3234 587 3267 ι.
605 3216 627 3284 ξ.
646 3213 672 3266 8.
1200 3219 1217 3250 t

131 3289 222 3339 babeo
242 3316 273 3326 -
289 3287 395 3346 dicere,
424 3283 480 3355 ἔχω
506 3286 605 3350 λέγειν.
649 3284 735 3351 Sopb.
761 3281 863 3334 Trarb.
885 3279 964 3338 592,
986 3295 1055 3349 pro:
1081 3275 1190 3335 habeo,

81 3362 154 3425 quod
175 3361 277 3412 dicam.
296 3359 350 3426 up
379 3356 445 3410 tot
465 3357 588 3422 p.·Tu11.
606 3356 629 3424 ξ.
647 3354 685 3406 51
698 3374 709 3408 e
723 3356 747 3404 si
766 3352 830 3420 qaid
846 3353 967 3408 baberes,
988 3349 1061 3417 qaod
1075 3348 1189 3399 diceres.

81 3430 161 3485 Rem,
180 3429 256 3478 Phil.
273 3447 298 3496 γ.
317 3446 344 3496 p.
365 3427 440 3487 124,
468 3427 526 3493 ἔχω
542 3427 573 3479 τί
587 3425 670 3492 λέγω.

131 3501 166 3552 de
180 3507 274 3570 ponte.
310 3499 459 3550 Acerrime
476 3497 575 3548 allusio
599 3496 634 3546 ud
652 3510 755 3544 morem
769 3492 867 3553 illum,
893 3507 947 3559 quo
964 3492 1090 3558 scirpeus
1104 3486 1190 3537 homi·

80 3591 142 3622 num
158 3570 266 3637 effigies
283 3569 398 3638 [Argei]
409 3561 466 3638 per
482 3569 605 3635 virgines
621 3565 751 3616 Vestales
765 3563 842 3614 annis
861 3562 977 3630 singulis
998 3563 1032 3610 de
1044 3563 1133 3627 ,ponte
1147 3557 1191 3628 ju·

82 3645 230 3694 ciebantur
245 3641 273 3690 in
288 3641 431 3699 Tiberim,
460 3641 493 3690 de
510 3640 585 3707 cujus
600 3637 706 3704 origine
723 3637 822 3685 Festus
840 3635 868 3684 in
888 3651 913 3686 ιι.
931 3631 1103 3702 sexagenarii
1121 3628 1190 3680 haec

80 3715 187 3764 refert:
229 3710 299 3760 Sunt
316 3713 363 3778 quei
378 3709 488 3767 dicant,
511 3709 677 3778 postarbem
693 3724 709 3755 a
727 3693 818 3756 Gallis
837 3703 993 3761 liberatam,
1022 3703 1054 3752 ab
1073 3701 1193 3768 inopiam

81 3787 188 3834 cibatras
209 3789 314 3850 coeptos
335 3783 479 3850 sexaginta
502 3767 631 3830 aanoritm
649 3778 765 3827 beroniaco·
777 3777 838 3846 jaci
862 3777 890 3826 in
911 3773 1036 3824 Tiberim.
1074 3770 1129 3820 Sed
1145 3787 1191 3820 ex-

78 3855 296 3924 ploratissimum
310 3853 380 3902 iliad
397 3860 438 3901 est
456 3869 569 3909 annosae,
599 3866 649 3916 qno
668 3856 782 3916 terrapare
795 3849 909 3916 primam
919 3862 969 3914 per
981 3850 1089 3914 pontem
1102 3859 1192 3909 eoepe-

82 3933 145 3974 rant
161 3924 278 3974 comitiis
294 3923 450 3992 suffragium
463 3922 553 3990 ferre,
577 3921 703 3989 jnraiores
720 3918 970 3975 eoreclamaaeraut,
990 3920 1031 3976 ¹nt
1056 3913 1089 3964 de
1110 3917 1193 3981 ponte

82 3997 266 4064 dejicerentur
280 3995 469 4062 sexagenarii,
490 3991 605 4060 qaijam
623 3990 697 4040 nullo
713 3989 821 4056 publico
840 4005 945 4037 arnnnere
958 3983 1144 4056 pingerentur,
1162 3987 1193 4032 at

82 4067 135 4134 ipsi
147 4067 242 4134 petias
259 4065 321 4121 sibi,
341 4083 420 4129 qnam
439 4065 482 4114 illi
499 4063 649 4130 deligerent
665 4063 857 4127 imperatorem.
894 4058 989 4115 Idem,
1016 4055 1081 4106 irinc
1095 4054 1193 4121 depan-

83 4145 162 4186 taaos
191 4154 266 4185 senes
294 4125 449 4202 appellatos
478 4135 583 4184 scribit.
629 4131 753 4181 Eandem
778 4147 886 4180 causam
909 4127 1012 4197 probat
1035 4127 1130 4176 Varro
1157 4123 1192 4174 de

82 4209 139 4259 rita
157 4207 192 4260 P.
209 4207 241 4257 R.
261 4207 334 4273 apud
350 4207 422 4256 Non.
440 4205 502 4254 x11
521 4205 570 4259 22.
606 4203 648 4256 At
666 4202 791 4252 Luctant.
812 4202 845 4250 tle
862 4199 881 4251 f.
900 4199 954 4250 rel.
971 4196 1059 4247 121:
1097 4193 1191 4262 Appa·
1214 4219 1216 4226 .

83 4286 140 4335 ret,
160 4279 301 4343 antiquam
313 4294 369 4326 esse
385 4276 453 4326 banc
471 4271 688 4324 onnaolandaa'm
706 4271 837 4321 dominnm
858 4271 957 4328 ritnm;
992 4265 1122 4333 siqnidem
1140 4263 1192 4314 Sa-

85 4354 181 4396 turnus
209 4349 237 4396 in
261 4346 343 4396 Latio
371 4347 460 4396 eodem
483 4363 578 4416 genere
602 4343 731 4413 sacrificii
756 4344 843 4392 cathos
861 4348 918 4391 este
933 4356 997 4405 ‘non
1014 4335 1136 4403 quidem,
1162 4339 1192 4384 at
1268 4361 1270 4368 .

86 4417 163 4467 bomo
183 4417 220 4468 ad
233 4435 309 4468 aram
324 4419 522 4474 immolaretur,
547 4415 594 4466 sed
607 4416 698 4465 ntiiu.
708 4413 824 4463 Tiberim
836 4412 869 4462 de
882 4418 964 4479 ponte
982 4407 1088 4457 Mulvio
1106 4406 1192 4455 mitte·

87 4496 180 4547 retur,
209 4487 278 4555 qaod
294 4507 329 4539 ex
345 4505 471 4559 responso
487 4487 601 4556 quodam
614 4485 786 4556 factitatum,
815 4483 905 4534 Varro
920 4485 1015 4548 aaetor
1033 4484 1090 4535 est,
1115 4475 1192 4547 eujus
