<?xml version="1.0" encoding="UTF-8"?>
<!DOCTYPE html PUBLIC "-//W3C//DTD XHTML 1.0 Transitional//EN"
    "http://www.w3.org/TR/xhtml1/DTD/xhtml1-transitional.dtd">
<html xmlns="http://www.w3.org/1999/xhtml" xml:lang="en" lang="en">
 <head>
  <title>
</title>
<meta http-equiv="Content-Type" content="text/html;charset=utf-8" />
  <meta name='ocr-system' content='tesseract 3.04.00' />
  <meta name='ocr-capabilities' content='ocr_page ocr_carea ocr_par ocr_line ocrx_word'/>
</head>
<body>
  <div class='ocr_page' id='page_1' title='image "./mtulliiciceroni67cicegoog/mtulliiciceroni67cicegoog_0522.png"; bbox 0 0 2824 5018; ppageno 0'>
   <div class='ocr_carea' id='block_1_1' title="bbox 364 417 1131 499">
    <p class='ocr_par' dir='ltr' id='par_1_1' title="bbox 364 417 1131 499">
     <span class='ocr_line' id='line_1_1' title="bbox 364 417 1131 499; baseline 0.001 -25"><span class='ocrx_word' id='word_1_1' title='bbox 364 419 471 476; x_wconf 77' lang='lat' dir='ltr'><strong>‚nuo</strong></span> <span class='ocrx_word' id='word_1_2' title='bbox 496 419 528 474; x_wconf 80' lang='lat' dir='ltr'><strong>a.</strong></span> <span class='ocrx_word' id='word_1_3' title='bbox 554 417 770 476; x_wconf 74' lang='lat' dir='ltr'><strong>unauna.</strong></span> <span class='ocrx_word' id='word_1_4' title='bbox 1046 421 1131 499; x_wconf 66' lang='lat'><strong>519</strong></span> 
     </span>
    </p>
   </div>
   <div class='ocr_carea' id='block_1_2' title="bbox 42 587 1180 2082">
    <p class='ocr_par' dir='ltr' id='par_1_2' title="bbox 43 587 1180 1828">
     <span class='ocr_line' id='line_1_2' title="bbox 49 587 1129 674; baseline 0.001 -28"><span class='ocrx_word' id='word_1_5' title='bbox 49 603 148 646; x_wconf 86' lang='lat' dir='ltr'><strong>uonna</strong></span> <span class='ocrx_word' id='word_1_6' title='bbox 163 603 285 672; x_wconf 79' lang='lat' dir='ltr'><strong>proavo</strong></span> <span class='ocrx_word' id='word_1_7' title='bbox 303 594 379 662; x_wconf 87' lang='lat' dir='ltr'><strong>tuo,</strong></span> <span class='ocrx_word' id='word_1_8' title='bbox 410 587 590 652; x_wconf 77' lang='lat' dir='ltr'><strong>fortissim</strong></span> <span class='ocrx_word' id='word_1_9' title='bbox 611 599 709 674; x_wconf 81' lang='lat' dir='ltr'><strong>utque</strong></span> <span class='ocrx_word' id='word_1_10' title='bbox 729 588 959 651; x_wconf 84' lang='lat' dir='ltr'><strong>florentissimo</strong></span> <span class='ocrx_word' id='word_1_11' title='bbox 972 587 1062 662; x_wconf 77' lang='lat' dir='ltr'><strong>viro,</strong></span> <span class='ocrx_word' id='word_1_12' title='bbox 1082 587 1129 648; x_wconf 75' lang='grc' dir='ltr'><strong>Μ.</strong></span> 
     </span>
     <span class='ocr_line' id='line_1_3' title="bbox 48 669 1147 756; baseline -0.001 -25"><span class='ocrx_word' id='word_1_13' title='bbox 48 669 178 743; x_wconf 85' lang='lat' dir='ltr'><strong>(latoni,</strong></span> <span class='ocrx_word' id='word_1_14' title='bbox 206 669 407 733; x_wconf 78' lang='lat' dir='ltr'>incumbenti</span> <span class='ocrx_word' id='word_1_15' title='bbox 427 673 469 734; x_wconf 84' lang='lat' dir='ltr'><strong>ud</strong></span> <span class='ocrx_word' id='word_1_16' title='bbox 488 673 557 734; x_wconf 83' lang='lat' dir='ltr'><strong>cius</strong></span> <span class='ocrx_word' id='word_1_17' title='bbox 576 674 772 755; x_wconf 81' lang='lat' dir='ltr'><strong>perniciem,</strong></span> <span class='ocrx_word' id='word_1_18' title='bbox 802 672 943 756; x_wconf 89' lang='lat' dir='ltr'><strong>populus</strong></span> <span class='ocrx_word' id='word_1_19' title='bbox 964 670 1147 748; x_wconf 25' lang='lat' dir='ltr'><strong>Romanus·</strong></span> 
     </span>
     <span class='ocr_line' id='line_1_4' title="bbox 48 753 1130 838; baseline 0.001 -27"><span class='ocrx_word' id='word_1_20' title='bbox 48 753 180 832; x_wconf 80' lang='lat' dir='ltr'><strong>eripuit?</strong></span> <span class='ocrx_word' id='word_1_21' title='bbox 211 754 346 837; x_wconf 86' lang='lat' dir='ltr'><strong>Semper</strong></span> <span class='ocrx_word' id='word_1_22' title='bbox 364 755 401 814; x_wconf 89' lang='lat' dir='ltr'><strong>iu</strong></span> <span class='ocrx_word' id='word_1_23' title='bbox 418 754 480 817; x_wconf 81' lang='lat' dir='ltr'><strong>bac</strong></span> <span class='ocrx_word' id='word_1_24' title='bbox 496 756 632 818; x_wconf 84' lang='lat' dir='ltr'><strong>civitate</strong></span> <span class='ocrx_word' id='word_1_25' title='bbox 650 757 744 818; x_wconf 86' lang='lat' dir='ltr'><strong>nimis</strong></span> <span class='ocrx_word' id='word_1_26' title='bbox 762 757 885 838; x_wconf 64' lang='lat' dir='ltr'><strong>maguis</strong></span> <span class='ocrx_word' id='word_1_27' title='bbox 906 763 1130 816; x_wconf 85' lang='lat' dir='ltr'><strong>accusatorum</strong></span> 
     </span>
     <span class='ocr_line' id='line_1_5' title="bbox 47 836 1130 922; baseline -0.001 -26"><span class='ocrx_word' id='word_1_28' title='bbox 47 836 154 916; x_wconf 85' lang='lat' dir='ltr'><strong>opibus</strong></span> <span class='ocrx_word' id='word_1_29' title='bbox 175 845 209 897; x_wconf 84' lang='lat' dir='ltr'><strong>ct</strong></span> <span class='ocrx_word' id='word_1_30' title='bbox 228 837 367 919; x_wconf 84' lang='lat' dir='ltr'><strong>populor</strong></span> <span class='ocrx_word' id='word_1_31' title='bbox 391 840 577 913; x_wconf 83' lang='lat' dir='ltr'><strong>universus,</strong></span> <span class='ocrx_word' id='word_1_32' title='bbox 612 849 645 901; x_wconf 87' lang='lat' dir='ltr'><strong>et</strong></span> <span class='ocrx_word' id='word_1_33' title='bbox 667 841 852 922; x_wconf 84' lang='lat' dir='ltr'><strong>sapientes,</strong></span> <span class='ocrx_word' id='word_1_34' title='bbox 886 859 924 898; x_wconf 84' lang='lat' dir='ltr'><strong>ac</strong></span> <span class='ocrx_word' id='word_1_35' title='bbox 941 837 1075 898; x_wconf 83' lang='lat' dir='ltr'><strong>multum</strong></span> <span class='ocrx_word' id='word_1_36' title='bbox 1094 837 1130 896; x_wconf 88' lang='lat' dir='ltr'><strong>in</strong></span> 
     </span>
     <span class='ocr_line' id='line_1_6' title="bbox 46 921 1130 1002; baseline 0.002 -25"><span class='ocrx_word' id='word_1_37' title='bbox 46 926 202 997; x_wconf 85' lang='lat' dir='ltr'><strong>posterum</strong></span> <span class='ocrx_word' id='word_1_38' title='bbox 216 921 455 1002; x_wconf 84' lang='lat' dir='ltr'><strong>prospicientes</strong></span> <span class='ocrx_word' id='word_1_39' title='bbox 470 923 597 983; x_wconf 88' lang='lat' dir='ltr'><strong>iudices</strong></span> <span class='ocrx_word' id='word_1_40' title='bbox 614 922 816 984; x_wconf 85' lang='lat' dir='ltr'><strong>restiterunt.</strong></span> <span class='ocrx_word' id='word_1_41' title='bbox 859 921 944 983; x_wconf 87' lang='lat' dir='ltr'><strong>Nolo</strong></span> <span class='ocrx_word' id='word_1_42' title='bbox 959 926 1130 981; x_wconf 77' lang='lat' dir='ltr'><strong>accusator</strong></span> 
     </span>
     <span class='ocr_line' id='line_1_7' title="bbox 45 1001 1129 1086; baseline 0.002 -27"><span class='ocrx_word' id='word_1_43' title='bbox 45 1001 76 1059; x_wconf 92' lang='lat' dir='ltr'><strong>iu</strong></span> <span class='ocrx_word' id='word_1_44' title='bbox 93 1001 247 1063; x_wconf 83' lang='lat' dir='ltr'><strong>iudicium</strong></span> <span class='ocrx_word' id='word_1_45' title='bbox 270 1011 449 1084; x_wconf 83' lang='lat' dir='ltr'><strong>potentiam</strong></span> <span class='ocrx_word' id='word_1_46' title='bbox 472 1007 600 1078; x_wconf 79' lang='lat' dir='ltr'><strong>afferat,</strong></span> <span class='ocrx_word' id='word_1_47' title='bbox 630 1027 696 1068; x_wconf 87' lang='lat' dir='ltr'><strong>nou</strong></span> <span class='ocrx_word' id='word_1_48' title='bbox 715 1005 778 1066; x_wconf 81' lang='lat' dir='ltr'><strong>vim</strong></span> <span class='ocrx_word' id='word_1_49' title='bbox 799 1005 950 1066; x_wconf 86' lang='lat' dir='ltr'><strong>maiorem</strong></span> <span class='ocrx_word' id='word_1_50' title='bbox 973 1003 1129 1086; x_wconf 83' lang='lat' dir='ltr'><strong>aliquam,</strong></span> 
     </span>
     <span class='ocr_line' id='line_1_8' title="bbox 45 1085 1129 1168; baseline 0.003 -26"><span class='ocrx_word' id='word_1_51' title='bbox 45 1105 105 1144; x_wconf 87' lang='lat' dir='ltr'><strong>uon</strong></span> <span class='ocrx_word' id='word_1_52' title='bbox 117 1088 341 1147; x_wconf 84' lang='lat' dir='ltr'><strong>auctoritatem</strong></span> <span class='ocrx_word' id='word_1_53' title='bbox 357 1088 583 1168; x_wconf 81' lang='lat' dir='ltr'><strong>excellentem,</strong></span> <span class='ocrx_word' id='word_1_54' title='bbox 605 1110 670 1150; x_wconf 85' lang='lat' dir='ltr'><strong>uon</strong></span> <span class='ocrx_word' id='word_1_55' title='bbox 685 1089 813 1149; x_wconf 85' lang='lat' dir='ltr'><strong>nimiam</strong></span> <span class='ocrx_word' id='word_1_56' title='bbox 829 1087 972 1168; x_wconf 72' lang='lat' dir='ltr'><strong>gratiam.</strong></span> <span class='ocrx_word' id='word_1_57' title='bbox 997 1085 1129 1149; x_wconf 83' lang='lat' dir='ltr'><strong>valeant</strong></span> 
     </span>
     <span class='ocr_line' id='line_1_9' title="bbox 45 1164 1128 1254; baseline 0.003 -30"><span class='ocrx_word' id='word_1_58' title='bbox 45 1164 118 1226; x_wconf 83' lang='lat' dir='ltr'><strong>hace</strong></span> <span class='ocrx_word' id='word_1_59' title='bbox 136 1167 242 1229; x_wconf 87' lang='lat' dir='ltr'><strong>omnia</strong></span> <span class='ocrx_word' id='word_1_60' title='bbox 260 1167 301 1231; x_wconf 88' lang='lat' dir='ltr'><strong>ad</strong></span> <span class='ocrx_word' id='word_1_61' title='bbox 317 1168 455 1232; x_wconf 86' lang='lat' dir='ltr'><strong>salutem</strong></span> <span class='ocrx_word' id='word_1_62' title='bbox 469 1172 701 1244; x_wconf 86' lang='lat' dir='ltr'><strong>innocentium,</strong></span> <span class='ocrx_word' id='word_1_63' title='bbox 724 1173 765 1232; x_wconf 85' lang='lat' dir='ltr'><strong>ad</strong></span> <span class='ocrx_word' id='word_1_64' title='bbox 784 1193 877 1254; x_wconf 86' lang='lat' dir='ltr'><strong>opem</strong></span> <span class='ocrx_word' id='word_1_65' title='bbox 892 1167 1128 1253; x_wconf 86' lang='lat' dir='ltr'><strong>impotentium,</strong></span> 
     </span>
     <span class='ocr_line' id='line_1_10' title="bbox 46 1250 1129 1336; baseline 0.001 -28"><span class='ocrx_word' id='word_1_66' title='bbox 46 1250 81 1308; x_wconf 84' lang='lat' dir='ltr'><strong>ad</strong></span> <span class='ocrx_word' id='word_1_67' title='bbox 105 1251 259 1312; x_wconf 76' lang='lat' dir='ltr'><strong>auxilium</strong></span> <span class='ocrx_word' id='word_1_68' title='bbox 283 1253 557 1316; x_wconf 73' lang='lat' dir='ltr'><strong>calamitosorum</strong></span> <span class='ocrx_word' id='word_1_69' title='bbox 587 1256 623 1315; x_wconf 88' lang='lat' dir='ltr'><strong>iu</strong></span> <span class='ocrx_word' id='word_1_70' title='bbox 644 1255 791 1336; x_wconf 86' lang='lat' dir='ltr'><strong>periculo</strong></span> <span class='ocrx_word' id='word_1_71' title='bbox 816 1275 912 1328; x_wconf 84' lang='lat' dir='ltr'><strong>vcro,</strong></span> <span class='ocrx_word' id='word_1_72' title='bbox 945 1261 978 1312; x_wconf 89' lang='lat' dir='ltr'><strong>ct</strong></span> <span class='ocrx_word' id='word_1_73' title='bbox 1000 1255 1035 1311; x_wconf 85' lang='lat' dir='ltr'><strong>iu</strong></span> <span class='ocrx_word' id='word_1_74' title='bbox 1056 1271 1129 1332; x_wconf 87' lang='lat' dir='ltr'><strong>per·</strong></span> 
     </span>
     <span class='ocr_line' id='line_1_11' title="bbox 44 1327 1180 1422; baseline 0.001 -31"><span class='ocrx_word' id='word_1_75' title='bbox 44 1333 123 1392; x_wconf 80' lang='lat' dir='ltr'><strong>nicio</strong></span> <span class='ocrx_word' id='word_1_76' title='bbox 145 1333 276 1409; x_wconf 85' lang='lat' dir='ltr'><strong>civium,</strong></span> <span class='ocrx_word' id='word_1_77' title='bbox 309 1337 531 1419; x_wconf 78' lang='lat' dir='ltr'><strong>repudientur.</strong></span> <span class='ocrx_word' id='word_1_78' title='bbox 579 1339 658 1399; x_wconf 86' lang='lat' dir='ltr'><strong>Nam</strong></span> <span class='ocrx_word' id='word_1_79' title='bbox 683 1338 805 1422; x_wconf 87' lang='lat' dir='ltr'><strong>siquis</strong></span> <span class='ocrx_word' id='word_1_80' title='bbox 828 1336 997 1398; x_wconf 80' lang='lat' dir='ltr'><strong>boclorte</strong></span> <span class='ocrx_word' id='word_1_81' title='bbox 1028 1327 1180 1406; x_wconf 66' lang='lat' dir='ltr'><strong>diceudo</strong></span> 
     </span>
     <span class='ocr_line' id='line_1_12' title="bbox 44 1415 1128 1498; baseline 0.001 -24"><span class='ocrx_word' id='word_1_82' title='bbox 44 1415 194 1477; x_wconf 80' lang='lat' dir='ltr'><strong>Catonem</strong></span> <span class='ocrx_word' id='word_1_83' title='bbox 207 1418 438 1480; x_wconf 83' lang='lat' dir='ltr'><strong>descensurum</strong></span> <span class='ocrx_word' id='word_1_84' title='bbox 452 1421 493 1482; x_wconf 89' lang='lat' dir='ltr'><strong>ad</strong></span> <span class='ocrx_word' id='word_1_85' title='bbox 513 1421 727 1482; x_wconf 84' lang='lat' dir='ltr'><strong>accusandum</strong></span> <span class='ocrx_word' id='word_1_86' title='bbox 738 1443 803 1480; x_wconf 87' lang='lat' dir='ltr'><strong>nou</strong></span> <span class='ocrx_word' id='word_1_87' title='bbox 817 1421 938 1493; x_wconf 82' lang='lat' dir='ltr'><strong>luisse,</strong></span> <span class='ocrx_word' id='word_1_88' title='bbox 958 1417 1022 1478; x_wconf 85' lang='lat' dir='ltr'><strong>uisi</strong></span> <span class='ocrx_word' id='word_1_89' title='bbox 1037 1417 1128 1498; x_wconf 86' lang='lat' dir='ltr'><strong>prius</strong></span> 
     </span>
     <span class='ocr_line' id='line_1_13' title="bbox 45 1498 1130 1587; baseline 0.002 -31"><span class='ocrx_word' id='word_1_90' title='bbox 45 1498 80 1557; x_wconf 89' lang='lat' dir='ltr'><strong>dc</strong></span> <span class='ocrx_word' id='word_1_91' title='bbox 106 1522 203 1560; x_wconf 87' lang='lat' dir='ltr'><strong>causa</strong></span> <span class='ocrx_word' id='word_1_92' title='bbox 224 1501 425 1575; x_wconf 83' lang='lat' dir='ltr'><strong>iudicassct3</strong></span> <span class='ocrx_word' id='word_1_93' title='bbox 457 1503 599 1587; x_wconf 83' lang='lat' dir='ltr'><strong>iniquam</strong></span> <span class='ocrx_word' id='word_1_94' title='bbox 622 1504 726 1584; x_wconf 76' lang='lat' dir='ltr'><strong>legem</strong></span> <span class='ocrx_word' id='word_1_95' title='bbox 747 1502 894 1575; x_wconf 85' lang='lat' dir='ltr'><strong>iudices,</strong></span> <span class='ocrx_word' id='word_1_96' title='bbox 927 1509 960 1564; x_wconf 82' lang='lat' dir='ltr'><strong>et</strong></span> <span class='ocrx_word' id='word_1_97' title='bbox 980 1500 1130 1560; x_wconf 83' lang='lat' dir='ltr'><strong>miseram</strong></span> 
     </span>
     <span class='ocr_line' id='line_1_14' title="bbox 44 1577 1155 1668; baseline 0.001 -29"><span class='ocrx_word' id='word_1_98' title='bbox 44 1581 258 1644; x_wconf 83' lang='lat' dir='ltr'><strong>conditionem</strong></span> <span class='ocrx_word' id='word_1_99' title='bbox 283 1584 436 1647; x_wconf 78' lang='lat' dir='ltr'><strong>instituet</strong></span> <span class='ocrx_word' id='word_1_100' title='bbox 461 1587 617 1668; x_wconf 87' lang='lat' dir='ltr'><strong>periculis</strong></span> <span class='ocrx_word' id='word_1_101' title='bbox 642 1586 823 1660; x_wconf 88' lang='lat' dir='ltr'><strong>hominum,</strong></span> <span class='ocrx_word' id='word_1_102' title='bbox 856 1587 884 1646; x_wconf 83' lang='lat' dir='ltr'><strong>si</strong></span> <span class='ocrx_word' id='word_1_103' title='bbox 911 1581 1128 1654; x_wconf 76' lang='lat' dir='ltr'><strong>existimabit,</strong></span> <span class='ocrx_word' id='word_1_104' title='bbox 1152 1577 1155 1584; x_wconf 51' lang='lat'><strong>¹</strong></span> 
     </span>
     <span class='ocr_line' id='line_1_15' title="bbox 43 1661 1129 1752; baseline 0.004 -32"><span class='ocrx_word' id='word_1_105' title='bbox 43 1661 190 1726; x_wconf 87' lang='lat' dir='ltr'><strong>iudicium</strong></span> <span class='ocrx_word' id='word_1_106' title='bbox 210 1669 409 1731; x_wconf 77' lang='lat' dir='ltr'><strong>accusatoris</strong></span> <span class='ocrx_word' id='word_1_107' title='bbox 427 1669 568 1730; x_wconf 85' lang='lat' dir='ltr'><strong>iu&#39;rcuru</strong></span> <span class='ocrx_word' id='word_1_108' title='bbox 587 1691 647 1752; x_wconf 84' lang='lat' dir='ltr'><strong>pro</strong></span> <span class='ocrx_word' id='word_1_109' title='bbox 669 1669 778 1752; x_wconf 85' lang='lat' dir='ltr'><strong>aliquo</strong></span> <span class='ocrx_word' id='word_1_110' title='bbox 799 1668 1002 1751; x_wconf 87' lang='lat' dir='ltr'><strong>praeiudicio</strong></span> <span class='ocrx_word' id='word_1_111' title='bbox 1020 1664 1129 1727; x_wconf 82' lang='lat' dir='ltr'><strong>valere</strong></span> 
     </span>
     <span class='ocr_line' id='line_1_16' title="bbox 44 1755 237 1828; baseline 0.01 -21"><span class='ocrx_word' id='word_1_112' title='bbox 44 1755 199 1828; x_wconf 80' lang='lat' dir='ltr'><strong>oportere.</strong></span> <span class='ocrx_word' id='word_1_113' title='bbox 232 1759 237 1768; x_wconf 93' lang='lat'>&#39;</span> 
     </span>
    </p>

    <p class='ocr_par' dir='ltr' id='par_1_3' title="bbox 42 1829 1130 2082">
     <span class='ocr_line' id='line_1_17' title="bbox 97 1829 1130 1915; baseline -0.003 -24"><span class='ocrx_word' id='word_1_114' title='bbox 97 1829 176 1892; x_wconf 72' lang='lat' dir='ltr'><strong>(lar.</strong></span> <span class='ocrx_word' id='word_1_115' title='bbox 198 1831 329 1893; x_wconf 83' lang='lat' dir='ltr'><strong>XXIX.</strong></span> <span class='ocrx_word' id='word_1_116' title='bbox 352 1832 422 1912; x_wconf 74' lang='lat' dir='ltr'><strong>ligo</strong></span> <span class='ocrx_word' id='word_1_117' title='bbox 440 1842 530 1894; x_wconf 87' lang='lat' dir='ltr'><strong>tuum</strong></span> <span class='ocrx_word' id='word_1_118' title='bbox 548 1832 730 1906; x_wconf 78' lang='lat' dir='ltr'><strong>consilinm,</strong></span> <span class='ocrx_word' id='word_1_119' title='bbox 752 1831 849 1906; x_wconf 83' lang='lat' dir='ltr'><strong>(lato,</strong></span> <span class='ocrx_word' id='word_1_120' title='bbox 869 1839 1005 1915; x_wconf 82' lang='lat' dir='ltr'><strong>propter</strong></span> <span class='ocrx_word' id='word_1_121' title='bbox 1021 1830 1130 1909; x_wconf 74' lang='lat' dir='ltr'><strong>siugu-</strong></span> 
     </span>
     <span class='ocr_line' id='line_1_18' title="bbox 43 1907 1129 1996; baseline 0 -27"><span class='ocrx_word' id='word_1_122' title='bbox 43 1907 103 1972; x_wconf 84' lang='lat' dir='ltr'><strong>larc</strong></span> <span class='ocrx_word' id='word_1_123' title='bbox 116 1914 216 1975; x_wconf 86' lang='lat' dir='ltr'><strong>animi</strong></span> <span class='ocrx_word' id='word_1_124' title='bbox 227 1915 290 1975; x_wconf 88' lang='lat' dir='ltr'><strong>mei</strong></span> <span class='ocrx_word' id='word_1_125' title='bbox 305 1916 345 1976; x_wconf 89' lang='lat' dir='ltr'><strong>de</strong></span> <span class='ocrx_word' id='word_1_126' title='bbox 357 1925 412 1977; x_wconf 87' lang='lat' dir='ltr'><strong>tua</strong></span> <span class='ocrx_word' id='word_1_127' title='bbox 421 1917 541 1978; x_wconf 80' lang='lat' dir='ltr'><strong>virtute</strong></span> <span class='ocrx_word' id='word_1_128' title='bbox 552 1916 720 1990; x_wconf 88' lang='lat' dir='ltr'><strong>iudicium,</strong></span> <span class='ocrx_word' id='word_1_129' title='bbox 736 1916 919 1996; x_wconf 82' lang='lat' dir='ltr'><strong>vituperare</strong></span> <span class='ocrx_word' id='word_1_130' title='bbox 933 1935 997 1974; x_wconf 84' lang='lat' dir='ltr'><strong>nou</strong></span> <span class='ocrx_word' id='word_1_131' title='bbox 1009 1912 1129 1973; x_wconf 87' lang='lat' dir='ltr'><strong>audco=</strong></span> 
     </span>
     <span class='ocr_line' id='line_1_19' title="bbox 42 1997 1130 2082; baseline -0.001 -27"><span class='ocrx_word' id='word_1_132' title='bbox 42 1997 230 2082; x_wconf 80' lang='lat' dir='ltr'><strong>nonnullu¹)</strong></span> <span class='ocrx_word' id='word_1_133' title='bbox 257 1999 395 2061; x_wconf 80' lang='lat' dir='ltr'><strong>forsitan</strong></span> <span class='ocrx_word' id='word_1_134' title='bbox 427 2001 626 2062; x_wconf 80' lang='lat' dir='ltr'><strong>conformare</strong></span> <span class='ocrx_word' id='word_1_135' title='bbox 653 2008 688 2060; x_wconf 89' lang='lat' dir='ltr'><strong>et</strong></span> <span class='ocrx_word' id='word_1_136' title='bbox 713 1998 831 2060; x_wconf 82' lang='lat' dir='ltr'><strong>leviter</strong></span> <span class='ocrx_word' id='word_1_137' title='bbox 860 1997 1030 2058; x_wconf 80' lang='lat' dir='ltr'><strong>emendare</strong></span> <span class='ocrx_word' id='word_1_138' title='bbox 1054 2016 1130 2077; x_wconf 88' lang='lat' dir='ltr'><strong>pos-</strong></span> 
     </span>
    </p>
   </div>
   <div class='ocr_carea' id='block_1_3' title="bbox 92 2251 514 2330">
    <p class='ocr_par' dir='ltr' id='par_1_4' title="bbox 92 2251 514 2330">
     <span class='ocr_line' id='line_1_20' title="bbox 92 2251 514 2330; baseline 0.005 -26"><span class='ocrx_word' id='word_1_139' title='bbox 92 2251 120 2320; x_wconf 90' lang='lat' dir='ltr'><strong>l)</strong></span> <span class='ocrx_word' id='word_1_140' title='bbox 137 2253 273 2304; x_wconf 85' lang='lat' dir='ltr'><strong>nonnulla</strong></span> <span class='ocrx_word' id='word_1_141' title='bbox 289 2255 318 2306; x_wconf 90' lang='lat' dir='ltr'><strong>iu</strong></span> <span class='ocrx_word' id='word_1_142' title='bbox 336 2273 368 2307; x_wconf 87' lang='lat' dir='ltr'><strong>re</strong></span> <span class='ocrx_word' id='word_1_143' title='bbox 387 2255 514 2330; x_wconf 76' lang='lat' dir='ltr'><strong>forsitan.</strong></span> 
     </span>
    </p>
   </div>
   <div class='ocr_carea' id='block_1_4' title="bbox 51 2387 576 2417">
    <p class='ocr_par' dir='ltr' id='par_1_5' title="bbox 51 2387 576 2417">
     <span class='ocr_line' id='line_1_21' title="bbox 51 2387 576 2417; baseline -0.002 -4"><span class='ocrx_word' id='word_1_144' title='bbox 51 2389 430 2417; x_wconf 59' lang='lat' dir='ltr'><strong>——nu--assua&#39;s—-fi—-n</strong></span> <span class='ocrx_word' id='word_1_145' title='bbox 481 2396 509 2416; x_wconf 74' lang='lat' dir='ltr'><strong>J.·</strong></span> <span class='ocrx_word' id='word_1_146' title='bbox 535 2387 539 2397; x_wconf 62' lang='lat'>⁸</span> <span class='ocrx_word' id='word_1_147' title='bbox 562 2394 576 2412; x_wconf 60' lang='grc' dir='ltr'><strong>ι·</strong></span> 
     </span>
    </p>
   </div>
   <div class='ocr_carea' id='block_1_5' title="bbox 36 2515 1135 3223">
    <p class='ocr_par' dir='ltr' id='par_1_6' title="bbox 36 2515 1135 3223">
     <span class='ocr_line' id='line_1_22' title="bbox 91 2515 1132 2586; baseline -0.002 -16"><span class='ocrx_word' id='word_1_148' title='bbox 91 2516 214 2571; x_wconf 78' lang='lat' dir='ltr'><strong>Seruium</strong></span> <span class='ocrx_word' id='word_1_149' title='bbox 243 2515 324 2570; x_wconf 82' lang='lat' dir='ltr'><strong>Galb.</strong></span> <span class='ocrx_word' id='word_1_150' title='bbox 366 2518 431 2570; x_wconf 81' lang='lat' dir='ltr'><strong>Vol.</strong></span> <span class='ocrx_word' id='word_1_151' title='bbox 455 2519 493 2570; x_wconf 75' lang='lat' dir='ltr'><strong>n.</strong></span> <span class='ocrx_word' id='word_1_152' title='bbox 518 2519 538 2572; x_wconf 94' lang='lat' dir='ltr'><strong>l.</strong></span> <span class='ocrx_word' id='word_1_153' title='bbox 561 2535 585 2571; x_wconf 78' lang='lat' dir='ltr'><strong>c.</strong></span> <span class='ocrx_word' id='word_1_154' title='bbox 610 2520 632 2586; x_wconf 65' lang='lat'><strong>3.</strong></span> <span class='ocrx_word' id='word_1_155' title='bbox 658 2517 698 2570; x_wconf 73' lang='lat' dir='ltr'><strong>fl:</strong></span> <span class='ocrx_word' id='word_1_156' title='bbox 744 2517 830 2580; x_wconf 78' lang='lat' dir='ltr'><strong>Quum</strong></span> <span class='ocrx_word' id='word_1_157' title='bbox 856 2536 871 2569; x_wconf 85' lang='lat' dir='ltr'><strong>a</strong></span> <span class='ocrx_word' id='word_1_158' title='bbox 895 2515 996 2568; x_wconf 79' lang='lat' dir='ltr'><strong>Libona</strong></span> <span class='ocrx_word' id='word_1_159' title='bbox 1026 2517 1132 2569; x_wconf 69' lang='lat' dir='ltr'><strong>uinum</strong></span> 
     </span>
     <span class='ocr_line' id='line_1_23' title="bbox 45 2583 1131 2659; baseline -0.002 -19"><span class='ocrx_word' id='word_1_160' title='bbox 45 2584 77 2654; x_wconf 73' lang='lat' dir='ltr'><strong>pl.</strong></span> <span class='ocrx_word' id='word_1_161' title='bbox 91 2588 146 2642; x_wconf 81' lang='lat' dir='ltr'><strong>Ser.</strong></span> <span class='ocrx_word' id='word_1_162' title='bbox 165 2585 259 2658; x_wconf 76' lang='lat' dir='ltr'><strong>Galba</strong></span> <span class='ocrx_word' id='word_1_163' title='bbox 270 2606 321 2659; x_wconf 87' lang='lat' dir='ltr'><strong>pro</strong></span> <span class='ocrx_word' id='word_1_164' title='bbox 340 2591 434 2639; x_wconf 84' lang='lat' dir='ltr'><strong>rostris</strong></span> <span class='ocrx_word' id='word_1_165' title='bbox 449 2589 613 2640; x_wconf 76' lang='lat' dir='ltr'><strong>vehementer</strong></span> <span class='ocrx_word' id='word_1_166' title='bbox 623 2583 834 2656; x_wconf 70' lang='lat' dir='ltr'><strong>increparetur,¹</strong></span> <span class='ocrx_word' id='word_1_167' title='bbox 847 2588 918 2654; x_wconf 78' lang='lat' dir='ltr'><strong>qrrad</strong></span> <span class='ocrx_word' id='word_1_168' title='bbox 941 2587 1131 2638; x_wconf 77' lang='lat' dir='ltr'><strong>Lusitanorum</strong></span> 
     </span>
     <span class='ocr_line' id='line_1_24' title="bbox 47 2657 1133 2730; baseline -0.006 -17"><span class='ocrx_word' id='word_1_169' title='bbox 47 2673 154 2729; x_wconf 70' lang='lat' dir='ltr'><strong>mapsam</strong></span> <span class='ocrx_word' id='word_1_170' title='bbox 172 2677 288 2716; x_wconf 74' lang='lat' dir='ltr'><strong>manunt,</strong></span> <span class='ocrx_word' id='word_1_171' title='bbox 309 2661 466 2728; x_wconf 82' lang='lat' dir='ltr'><strong>interposita</strong></span> <span class='ocrx_word' id='word_1_172' title='bbox 481 2659 551 2730; x_wconf 76' lang='lat' dir='ltr'><strong>fide,</strong></span> <span class='ocrx_word' id='word_1_173' title='bbox 567 2665 679 2728; x_wconf 66' lang='lat' dir='ltr'><strong>pructdr·</strong></span> <span class='ocrx_word' id='word_1_174' title='bbox 695 2660 737 2728; x_wconf 70' lang='lat' dir='ltr'><strong>[a.</strong></span> <span class='ocrx_word' id='word_1_175' title='bbox 747 2659 834 2726; x_wconf 62' lang='lat' dir='ltr'><strong>dot]</strong></span> <span class='ocrx_word' id='word_1_176' title='bbox 855 2661 885 2710; x_wconf 91' lang='lat' dir='ltr'><strong>in</strong></span> <span class='ocrx_word' id='word_1_177' title='bbox 902 2657 1037 2728; x_wconf 75' lang='lat' dir='ltr'><strong>Hispania</strong></span> <span class='ocrx_word' id='word_1_178' title='bbox 1051 2661 1133 2709; x_wconf 83' lang='lat' dir='ltr'><strong>intrr-</strong></span> 
     </span>
     <span class='ocr_line' id='line_1_25' title="bbox 45 2727 1133 2796; baseline 0 -20"><span class='ocrx_word' id='word_1_179' title='bbox 45 2731 151 2791; x_wconf 80' lang='lat' dir='ltr'><strong>cnu&#39;ssct,</strong></span> <span class='ocrx_word' id='word_1_180' title='bbox 181 2731 335 2796; x_wconf 80' lang='lat' dir='ltr'><strong>actionique</strong></span> <span class='ocrx_word' id='word_1_181' title='bbox 356 2730 518 2780; x_wconf 80' lang='lat' dir='ltr'><strong>tribunitiae¹</strong></span> <span class='ocrx_word' id='word_1_182' title='bbox 536 2729 575 2782; x_wconf 79' lang='lat' dir='ltr'><strong>M.</strong></span> <span class='ocrx_word' id='word_1_183' title='bbox 599 2727 798 2780; x_wconf 81' lang='lat' dir='ltr'><strong>Cato—ultimae</strong></span> <span class='ocrx_word' id='word_1_184' title='bbox 824 2731 984 2788; x_wconf 78' lang='lat' dir='ltr'><strong>senectutis,</strong></span> <span class='ocrx_word' id='word_1_185' title='bbox 1012 2731 1133 2779; x_wconf 82' lang='lat' dir='ltr'><strong>oratione</strong></span> 
     </span>
     <span class='ocr_line' id='line_1_26' title="bbox 44 2795 1133 2871; baseline -0.002 -23"><span class='ocrx_word' id='word_1_186' title='bbox 44 2815 103 2860; x_wconf 85' lang='lat' dir='ltr'><strong>sna,</strong></span> <span class='ocrx_word' id='word_1_187' title='bbox 128 2819 211 2869; x_wconf 74' lang='lat' dir='ltr'><strong>quarn</strong></span> <span class='ocrx_word' id='word_1_188' title='bbox 233 2800 262 2852; x_wconf 82' lang='lat' dir='ltr'><strong>ia</strong></span> <span class='ocrx_word' id='word_1_189' title='bbox 283 2799 412 2871; x_wconf 78' lang='lat' dir='ltr'><strong>Oripcnes</strong></span> <span class='ocrx_word' id='word_1_190' title='bbox 431 2800 540 2858; x_wconf 80' lang='lat' dir='ltr'><strong>retulit,</strong></span> <span class='ocrx_word' id='word_1_191' title='bbox 564 2801 757 2852; x_wconf 80' lang='lat' dir='ltr'><strong>subscriberet.-</strong></span> <span class='ocrx_word' id='word_1_192' title='bbox 783 2819 843 2850; x_wconf 70' lang='lat' dir='ltr'><strong>retas</strong></span> <span class='ocrx_word' id='word_1_193' title='bbox 862 2817 912 2868; x_wconf 87' lang='lat' dir='ltr'><strong>pro</strong></span> <span class='ocrx_word' id='word_1_194' title='bbox 935 2817 963 2850; x_wconf 82' lang='lat' dir='ltr'><strong>sc</strong></span> <span class='ocrx_word' id='word_1_195' title='bbox 979 2799 1040 2870; x_wconf 76' lang='lat' dir='ltr'><strong>jum</strong></span> <span class='ocrx_word' id='word_1_196' title='bbox 1063 2795 1133 2847; x_wconf 78' lang='lat' dir='ltr'><strong>nibil</strong></span> 
     </span>
     <span class='ocr_line' id='line_1_27' title="bbox 41 2867 1133 2941; baseline 0 -23"><span class='ocrx_word' id='word_1_197' title='bbox 41 2885 173 2930; x_wconf 72' lang='lat' dir='ltr'><strong>recinam,</strong></span> <span class='ocrx_word' id='word_1_198' title='bbox 198 2869 332 2941; x_wconf 81' lang='lat' dir='ltr'><strong>parvulos</strong></span> <span class='ocrx_word' id='word_1_199' title='bbox 354 2871 452 2922; x_wconf 83' lang='lat' dir='ltr'><strong>liberos</strong></span> <span class='ocrx_word' id='word_1_200' title='bbox 474 2878 535 2921; x_wconf 77' lang='lat' dir='ltr'><strong>suot</strong></span> <span class='ocrx_word' id='word_1_201' title='bbox 560 2878 585 2920; x_wconf 89' lang='lat' dir='ltr'><strong>ct</strong></span> <span class='ocrx_word' id='word_1_202' title='bbox 606 2868 658 2940; x_wconf 84' lang='lat' dir='ltr'><strong>[C.</strong></span> <span class='ocrx_word' id='word_1_203' title='bbox 680 2870 815 2939; x_wconf 78' lang='lat' dir='ltr'><strong>Sulpicii]</strong></span> <span class='ocrx_word' id='word_1_204' title='bbox 841 2867 919 2920; x_wconf 77' lang='lat' dir='ltr'><strong>Galli</strong></span> <span class='ocrx_word' id='word_1_205' title='bbox 934 2870 1062 2938; x_wconf 70' lang='lat' dir='ltr'><strong>sauprcine</strong></span> <span class='ocrx_word' id='word_1_206' title='bbox 1080 2867 1133 2918; x_wconf 83' lang='lat' dir='ltr'><strong>sibi</strong></span> 
     </span>
     <span class='ocr_line' id='line_1_28' title="bbox 41 2938 1133 3012; baseline -0.002 -24"><span class='ocrx_word' id='word_1_207' title='bbox 41 2941 201 3009; x_wconf 78' lang='lat' dir='ltr'><strong>conjunctum</strong></span> <span class='ocrx_word' id='word_1_208' title='bbox 222 2941 309 3011; x_wconf 72' lang='lat' dir='ltr'><strong>filiurn</strong></span> <span class='ocrx_word' id='word_1_209' title='bbox 323 2939 390 3012; x_wconf 72' lang='lat' dir='ltr'><strong>flens</strong></span> <span class='ocrx_word' id='word_1_210' title='bbox 409 2941 587 2992; x_wconf 79' lang='lat' dir='ltr'><strong>corrrrnendurc</strong></span> <span class='ocrx_word' id='word_1_211' title='bbox 604 2941 705 3008; x_wconf 81' lang='lat' dir='ltr'><strong>corpit3</strong></span> <span class='ocrx_word' id='word_1_212' title='bbox 733 2958 813 3006; x_wconf 74' lang='lat' dir='ltr'><strong>eoque</strong></span> <span class='ocrx_word' id='word_1_213' title='bbox 835 2938 908 3007; x_wconf 79' lang='lat' dir='ltr'><strong>facto</strong></span> <span class='ocrx_word' id='word_1_214' title='bbox 926 2940 1050 3008; x_wconf 73' lang='lat' dir='ltr'><strong>mitipata</strong></span> <span class='ocrx_word' id='word_1_215' title='bbox 1074 2955 1133 2987; x_wconf 78' lang='lat' dir='ltr'><strong>corr·</strong></span> 
     </span>
     <span class='ocr_line' id='line_1_29' title="bbox 39 3008 1134 3081; baseline -0.004 -21"><span class='ocrx_word' id='word_1_216' title='bbox 39 3011 124 3071; x_wconf 76' lang='lat' dir='ltr'><strong>aione,</strong></span> <span class='ocrx_word' id='word_1_217' title='bbox 148 3013 203 3079; x_wconf 57' lang='lat' dir='ltr'><strong>qni*</strong></span> <span class='ocrx_word' id='word_1_218' title='bbox 219 3013 331 3060; x_wconf 83' lang='lat' dir='ltr'><strong>omniurn</strong></span> <span class='ocrx_word' id='word_1_219' title='bbox 349 3029 475 3064; x_wconf 78' lang='lat' dir='ltr'><strong>acrncnsn</strong></span> <span class='ocrx_word' id='word_1_220' title='bbox 487 3015 622 3080; x_wconf 77' lang='lat' dir='ltr'><strong>periturus</strong></span> <span class='ocrx_word' id='word_1_221' title='bbox 639 3020 713 3068; x_wconf 86' lang='lat' dir='ltr'><strong>crat,</strong></span> <span class='ocrx_word' id='word_1_222' title='bbox 731 3027 819 3079; x_wconf 79' lang='lat' dir='ltr'><strong>paene</strong></span> <span class='ocrx_word' id='word_1_223' title='bbox 831 3009 933 3059; x_wconf 84' lang='lat' dir='ltr'><strong>nullum</strong></span> <span class='ocrx_word' id='word_1_224' title='bbox 946 3008 1024 3058; x_wconf 81' lang='lat' dir='ltr'><strong>triste</strong></span> <span class='ocrx_word' id='word_1_225' title='bbox 1038 3008 1134 3081; x_wconf 65' lang='lat' dir='ltr'><strong>suflra-</strong></span> 
     </span>
     <span class='ocr_line' id='line_1_30' title="bbox 36 3077 1135 3151; baseline 0.001 -20"><span class='ocrx_word' id='word_1_226' title='bbox 36 3082 104 3150; x_wconf 75' lang='lat' dir='ltr'><strong>pinns</strong></span> <span class='ocrx_word' id='word_1_227' title='bbox 119 3081 227 3132; x_wconf 80' lang='lat' dir='ltr'><strong>babuit.</strong></span> <span class='ocrx_word' id='word_1_228' title='bbox 263 3082 304 3132; x_wconf 70' lang='lat' dir='ltr'><strong>Aa</strong></span> <span class='ocrx_word' id='word_1_229' title='bbox 319 3081 395 3151; x_wconf 80' lang='lat' dir='ltr'><strong>App.</strong></span> <span class='ocrx_word' id='word_1_230' title='bbox 411 3083 444 3133; x_wconf 88' lang='lat' dir='ltr'><strong>de</strong></span> <span class='ocrx_word' id='word_1_231' title='bbox 462 3082 532 3132; x_wconf 82' lang='lat' dir='ltr'><strong>Rcb.</strong></span> <span class='ocrx_word' id='word_1_232' title='bbox 550 3082 630 3149; x_wconf 85' lang='lat' dir='ltr'><strong>Hisp.</strong></span> <span class='ocrx_word' id='word_1_233' title='bbox 649 3080 690 3130; x_wconf 82' lang='lat'><strong>60</strong></span> <span class='ocrx_word' id='word_1_234' title='bbox 709 3087 793 3131; x_wconf 67' lang='lat' dir='ltr'><strong>extus</strong></span> <span class='ocrx_word' id='word_1_235' title='bbox 829 3077 1063 3150; x_wconf 78' lang='grc' dir='ltr'>Μισούμινοςδὲ</span> <span class='ocrx_word' id='word_1_236' title='bbox 1083 3081 1135 3132; x_wconf 68' lang='grc' dir='ltr'><strong>καὶ</strong></span> 
     </span>
     <span class='ocr_line' id='line_1_31' title="bbox 37 3142 1133 3223; baseline -0.004 -21"><span class='ocrx_word' id='word_1_237' title='bbox 37 3155 293 3223; x_wconf 74' lang='grc' dir='ltr'><strong><em>κατηγορούμενος</em></strong></span> <span class='ocrx_word' id='word_1_238' title='bbox 309 3151 439 3221; x_wconf 76' lang='grc' dir='ltr'><strong>διέφευγε</strong></span> <span class='ocrx_word' id='word_1_239' title='bbox 457 3150 509 3206; x_wconf 78' lang='grc' dir='ltr'><strong>διὰ</strong></span> <span class='ocrx_word' id='word_1_240' title='bbox 523 3158 576 3206; x_wconf 83' lang='grc' dir='ltr'><strong>τὸν</strong></span> <span class='ocrx_word' id='word_1_241' title='bbox 595 3151 734 3206; x_wconf 78' lang='grc' dir='ltr'>πλοῦτον.</span> <span class='ocrx_word' id='word_1_242' title='bbox 771 3149 886 3202; x_wconf 82' lang='lat' dir='ltr'><strong>Sueten.</strong></span> <span class='ocrx_word' id='word_1_243' title='bbox 903 3147 986 3199; x_wconf 81' lang='lat' dir='ltr'><strong>Gulb.</strong></span> <span class='ocrx_word' id='word_1_244' title='bbox 1005 3142 1039 3200; x_wconf 62' lang='grc' dir='ltr'><strong>δι</strong></span> <span class='ocrx_word' id='word_1_245' title='bbox 1074 3146 1133 3198; x_wconf 80' lang='lat' dir='ltr'><strong>Ser.</strong></span> 
     </span>
    </p>
   </div>
   <div class='ocr_carea' id='block_1_6' title="bbox 37 3217 1137 3338">
    <p class='ocr_par' dir='ltr' id='par_1_7' title="bbox 37 3217 1137 3338">
     <span class='ocr_line' id='line_1_32' title="bbox 37 3217 1137 3338; baseline -0.005 -67"><span class='ocrx_word' id='word_1_246' title='bbox 37 3217 153 3272; x_wconf 80' lang='lat' dir='ltr'><strong>Galbam</strong></span> <span class='ocrx_word' id='word_1_247' title='bbox 171 3220 339 3271; x_wconf 81' lang='lat' dir='ltr'><strong>consularem</strong></span> <span class='ocrx_word' id='word_1_248' title='bbox 357 3221 467 3271; x_wconf 83' lang='lat' dir='ltr'><strong>trudunt</strong></span> <span class='ocrx_word' id='word_1_249' title='bbox 483 3220 644 3290; x_wconf 76' lang='lat' dir='ltr'><strong>Hispaniam</strong></span> <span class='ocrx_word' id='word_1_250' title='bbox 668 3225 847 3338; x_wconf 57' lang='lat' dir='ltr'><strong>cxlprartura</strong></span> <span class='ocrx_word' id='word_1_251' title='bbox 868 3219 1039 3276; x_wconf 78' lang='lat' dir='ltr'><strong>obtinentem,</strong></span> <span class='ocrx_word' id='word_1_252' title='bbox 1056 3217 1137 3266; x_wconf 78' lang='lat' dir='ltr'><strong>XXX</strong></span> 
     </span>
    </p>
   </div>
   <div class='ocr_carea' id='block_1_7' title="bbox 28 3288 1207 4412">
    <p class='ocr_par' dir='ltr' id='par_1_8' title="bbox 31 3288 1137 3642">
     <span class='ocr_line' id='line_1_33' title="bbox 35 3288 1135 3359; baseline -0.003 -20"><span class='ocrx_word' id='word_1_253' title='bbox 35 3290 231 3342; x_wconf 78' lang='lat' dir='ltr'><strong>Lusitanorum</strong></span> <span class='ocrx_word' id='word_1_254' title='bbox 246 3291 363 3341; x_wconf 86' lang='lat' dir='ltr'><strong>millibus</strong></span> <span class='ocrx_word' id='word_1_255' title='bbox 378 3310 412 3359; x_wconf 83' lang='lat' dir='ltr'><strong>pc</strong></span> <span class='ocrx_word' id='word_1_256' title='bbox 465 3293 493 3340; x_wconf 81' lang='lat' dir='ltr'><strong>iu-</strong></span> <span class='ocrx_word' id='word_1_257' title='bbox 509 3291 667 3347; x_wconf 83' lang='lat' dir='ltr'><strong>trucidatis,</strong></span> <span class='ocrx_word' id='word_1_258' title='bbox 725 3289 831 3342; x_wconf 75' lang='lat' dir='ltr'><strong>arietini</strong></span> <span class='ocrx_word' id='word_1_259' title='bbox 851 3289 915 3340; x_wconf 85' lang='lat' dir='ltr'><strong>belli</strong></span> <span class='ocrx_word' id='word_1_260' title='bbox 931 3307 1038 3340; x_wconf 85' lang='lat' dir='ltr'><strong>cansam</strong></span> <span class='ocrx_word' id='word_1_261' title='bbox 1053 3288 1135 3338; x_wconf 78' lang='lat' dir='ltr'><strong>exsti-</strong></span> 
     </span>
     <span class='ocr_line' id='line_1_34' title="bbox 35 3357 1134 3426; baseline -0.002 -16"><span class='ocrx_word' id='word_1_262' title='bbox 35 3363 106 3412; x_wconf 82' lang='lat' dir='ltr'><strong>tisse.</strong></span> <span class='ocrx_word' id='word_1_263' title='bbox 143 3379 170 3412; x_wconf 77' lang='grc' dir='ltr'><strong>ι.</strong></span> <span class='ocrx_word' id='word_1_264' title='bbox 192 3358 254 3410; x_wconf 83' lang='lat' dir='ltr'><strong>Cic.</strong></span> <span class='ocrx_word' id='word_1_265' title='bbox 271 3361 351 3412; x_wconf 83' lang='lat' dir='ltr'><strong>Orat.</strong></span> <span class='ocrx_word' id='word_1_266' title='bbox 368 3361 418 3411; x_wconf 76' lang='lat'><strong>15</strong></span> <span class='ocrx_word' id='word_1_267' title='bbox 442 3399 448 3410; x_wconf 95' lang='lat'><strong>.</strong></span> <span class='ocrx_word' id='word_1_268' title='bbox 474 3359 568 3426; x_wconf 71' lang='lat' dir='ltr'><strong>nob.</strong></span> <span class='ocrx_word' id='word_1_269' title='bbox 586 3361 731 3414; x_wconf 83' lang='lat' dir='ltr'><strong>ctAscon.</strong></span> <span class='ocrx_word' id='word_1_270' title='bbox 752 3361 787 3410; x_wconf 84' lang='lat' dir='ltr'><strong>nd</strong></span> <span class='ocrx_word' id='word_1_271' title='bbox 803 3361 864 3410; x_wconf 73' lang='lat' dir='ltr'><strong>Dis.</strong></span> <span class='ocrx_word' id='word_1_272' title='bbox 889 3361 917 3408; x_wconf 89' lang='lat' dir='ltr'><strong>iu</strong></span> <span class='ocrx_word' id='word_1_273' title='bbox 935 3357 1018 3412; x_wconf 77' lang='lat' dir='ltr'><strong>(laec.</strong></span> <span class='ocrx_word' id='word_1_274' title='bbox 1037 3358 1086 3410; x_wconf 65' lang='lat'><strong>90.</strong></span> <span class='ocrx_word' id='word_1_275' title='bbox 1101 3373 1134 3396; x_wconf 81' lang='grc'><strong>’-</strong></span> 
     </span>
     <span class='ocr_line' id='line_1_35' title="bbox 34 3426 1135 3500; baseline -0.006 -17"><span class='ocrx_word' id='word_1_276' title='bbox 34 3433 204 3484; x_wconf 77' lang='lat' dir='ltr'><strong>incumbenti</strong></span> <span class='ocrx_word' id='word_1_277' title='bbox 242 3431 347 3483; x_wconf 81' lang='lat' dir='ltr'><strong>Eodem</strong></span> <span class='ocrx_word' id='word_1_278' title='bbox 370 3449 450 3482; x_wconf 86' lang='lat' dir='ltr'><strong>sensu</strong></span> <span class='ocrx_word' id='word_1_279' title='bbox 472 3433 500 3482; x_wconf 90' lang='lat' dir='ltr'><strong>in</strong></span> <span class='ocrx_word' id='word_1_280' title='bbox 525 3446 565 3483; x_wconf 91' lang='lat' dir='ltr'><strong>or.</strong></span> <span class='ocrx_word' id='word_1_281' title='bbox 592 3451 618 3500; x_wconf 90' lang='lat' dir='ltr'><strong>p.</strong></span> <span class='ocrx_word' id='word_1_282' title='bbox 636 3429 735 3482; x_wconf 76' lang='lat' dir='ltr'><strong>l‘lunc.¹</strong></span> <span class='ocrx_word' id='word_1_283' title='bbox 755 3430 790 3481; x_wconf 78' lang='lat'><strong>7:</strong></span> <span class='ocrx_word' id='word_1_284' title='bbox 832 3429 871 3478; x_wconf 79' lang='lat' dir='ltr'><strong>Tu</strong></span> <span class='ocrx_word' id='word_1_285' title='bbox 891 3431 925 3479; x_wconf 87' lang='lat' dir='ltr'><strong>ab</strong></span> <span class='ocrx_word' id='word_1_286' title='bbox 948 3445 994 3488; x_wconf 88' lang='lat' dir='ltr'><strong>co,</strong></span> <span class='ocrx_word' id='word_1_287' title='bbox 1022 3426 1135 3495; x_wconf 76' lang='lat' dir='ltr'><strong>quibos</strong></span> 
     </span>
     <span class='ocr_line' id='line_1_36' title="bbox 34 3497 1137 3571; baseline -0.004 -19"><span class='ocrx_word' id='word_1_288' title='bbox 34 3501 163 3562; x_wconf 85' lang='lat' dir='ltr'><strong>dimovit,</strong></span> <span class='ocrx_word' id='word_1_289' title='bbox 179 3503 289 3571; x_wconf 84' lang='lat' dir='ltr'><strong>potius,</strong></span> <span class='ocrx_word' id='word_1_290' title='bbox 307 3518 386 3568; x_wconf 79' lang='lat' dir='ltr'><strong>qnam</strong></span> <span class='ocrx_word' id='word_1_291' title='bbox 403 3505 436 3552; x_wconf 86' lang='lat' dir='ltr'><strong>ab</strong></span> <span class='ocrx_word' id='word_1_292' title='bbox 453 3504 501 3559; x_wconf 83' lang='lat' dir='ltr'><strong>iis,</strong></span> <span class='ocrx_word' id='word_1_293' title='bbox 521 3503 608 3568; x_wconf 77' lang='lat' dir='ltr'><strong>quiin</strong></span> <span class='ocrx_word' id='word_1_294' title='bbox 622 3503 744 3571; x_wconf 85' lang='lat' dir='ltr'><strong>teipsum</strong></span> <span class='ocrx_word' id='word_1_295' title='bbox 759 3501 942 3558; x_wconf 82' lang='lat' dir='ltr'><strong>incubuerunt,</strong></span> <span class='ocrx_word' id='word_1_296' title='bbox 961 3505 987 3550; x_wconf 83' lang='lat' dir='ltr'><strong>tr</strong></span> <span class='ocrx_word' id='word_1_297' title='bbox 1000 3497 1137 3568; x_wconf 70' lang='lat' dir='ltr'><strong>depulsura</strong></span> 
     </span>
     <span class='ocr_line' id='line_1_37' title="bbox 31 3571 396 3642; baseline 0 -20"><span class='ocrx_word' id='word_1_298' title='bbox 31 3580 121 3642; x_wconf 83' lang='lat' dir='ltr'><strong>putas.</strong></span> <span class='ocrx_word' id='word_1_299' title='bbox 161 3577 289 3641; x_wconf 55' lang='lat' dir='ltr'><strong>ussupra</strong></span> <span class='ocrx_word' id='word_1_300' title='bbox 306 3572 330 3640; x_wconf 68' lang='grc' dir='ltr'><strong>ξ.</strong></span> <span class='ocrx_word' id='word_1_301' title='bbox 347 3571 396 3622; x_wconf 75' lang='grc'><strong>55.</strong></span> 
     </span>
    </p>

    <p class='ocr_par' dir='ltr' id='par_1_9' title="bbox 28 3628 1138 3990">
     <span class='ocr_line' id='line_1_38' title="bbox 75 3628 1137 3712; baseline -0.004 -20"><span class='ocrx_word' id='word_1_302' title='bbox 75 3643 217 3712; x_wconf 77' lang='lat' dir='ltr'><strong>judicium</strong></span> <span class='ocrx_word' id='word_1_303' title='bbox 240 3670 272 3680; x_wconf 94' lang='lat'>-</span> <span class='ocrx_word' id='word_1_304' title='bbox 293 3640 470 3710; x_wconf 79' lang='lat' dir='ltr'><strong>praejudicio.</strong></span> <span class='ocrx_word' id='word_1_305' title='bbox 507 3640 650 3706; x_wconf 59' lang='lat' dir='ltr'><strong>cimbis.</strong></span> <span class='ocrx_word' id='word_1_306' title='bbox 671 3641 699 3691; x_wconf 93' lang='lat' dir='ltr'><strong>iu</strong></span> <span class='ocrx_word' id='word_1_307' title='bbox 719 3631 802 3693; x_wconf 74' lang='lat' dir='ltr'><strong>(inec.</strong></span> <span class='ocrx_word' id='word_1_308' title='bbox 820 3639 855 3691; x_wconf 73' lang='lat' dir='ltr'><strong>t:</strong></span> <span class='ocrx_word' id='word_1_309' title='bbox 894 3628 1010 3690; x_wconf 77' lang='lat' dir='ltr'><strong>Causam</strong></span> <span class='ocrx_word' id='word_1_310' title='bbox 1037 3636 1137 3688; x_wconf 79' lang='lat' dir='ltr'><strong>inimici</strong></span> 
     </span>
     <span class='ocr_line' id='line_1_39' title="bbox 34 3706 1138 3782; baseline -0.005 -20"><span class='ocrx_word' id='word_1_311' title='bbox 34 3714 73 3763; x_wconf 80' lang='lat' dir='ltr'><strong>tui</strong></span> <span class='ocrx_word' id='word_1_312' title='bbox 87 3712 255 3770; x_wconf 80' lang='lat' dir='ltr'><strong>sublevabis,</strong></span> <span class='ocrx_word' id='word_1_313' title='bbox 274 3711 370 3779; x_wconf 81' lang='lat' dir='ltr'><strong>dequo</strong></span> <span class='ocrx_word' id='word_1_314' title='bbox 385 3729 437 3762; x_wconf 76' lang='lat' dir='ltr'><strong>raon</strong></span> <span class='ocrx_word' id='word_1_315' title='bbox 447 3712 655 3782; x_wconf 78' lang='lat' dir='ltr'><strong>praejudicium,</strong></span> <span class='ocrx_word' id='word_1_316' title='bbox 675 3711 722 3760; x_wconf 85' lang='lat' dir='ltr'><strong>sed</strong></span> <span class='ocrx_word' id='word_1_317' title='bbox 732 3712 815 3781; x_wconf 85' lang='lat' dir='ltr'><strong>plane</strong></span> <span class='ocrx_word' id='word_1_318' title='bbox 819 3710 953 3779; x_wconf 77' lang='lat' dir='ltr'><strong>judicium</strong></span> <span class='ocrx_word' id='word_1_319' title='bbox 961 3709 1021 3779; x_wconf 79' lang='lat' dir='ltr'><strong>jaira</strong></span> <span class='ocrx_word' id='word_1_320' title='bbox 1037 3706 1138 3774; x_wconf 75' lang='lat' dir='ltr'><strong>facturn</strong></span> 
     </span>
     <span class='ocr_line' id='line_1_40' title="bbox 28 3781 1137 3853; baseline -0.006 -21"><span class='ocrx_word' id='word_1_321' title='bbox 28 3790 152 3852; x_wconf 85' lang='lat' dir='ltr'><strong>putatur.</strong></span> <span class='ocrx_word' id='word_1_322' title='bbox 192 3783 259 3832; x_wconf 87' lang='lat' dir='ltr'><strong>Asc.</strong></span> <span class='ocrx_word' id='word_1_323' title='bbox 279 3783 313 3832; x_wconf 78' lang='lat' dir='ltr'><strong>ad</strong></span> <span class='ocrx_word' id='word_1_324' title='bbox 333 3782 359 3832; x_wconf 84' lang='lat' dir='ltr'><strong>b.</strong></span> <span class='ocrx_word' id='word_1_325' title='bbox 380 3783 415 3832; x_wconf 85' lang='lat' dir='ltr'><strong>l.=</strong></span> <span class='ocrx_word' id='word_1_326' title='bbox 452 3781 649 3853; x_wconf 63' lang='lat' dir='ltr'><strong>Praciudicinm</strong></span> <span class='ocrx_word' id='word_1_327' title='bbox 664 3782 766 3832; x_wconf 84' lang='lat' dir='ltr'><strong>dicitur</strong></span> <span class='ocrx_word' id='word_1_328' title='bbox 780 3787 837 3838; x_wconf 82' lang='lat' dir='ltr'><strong>res&#39;,</strong></span> <span class='ocrx_word' id='word_1_329' title='bbox 866 3796 933 3847; x_wconf 71' lang='lat' dir='ltr'><strong>quana</strong></span> <span class='ocrx_word' id='word_1_330' title='bbox 953 3795 1010 3829; x_wconf 75' lang='lat' dir='ltr'><strong>cram</strong></span> <span class='ocrx_word' id='word_1_331' title='bbox 1033 3783 1137 3828; x_wconf 80' lang='lat' dir='ltr'><strong>statuta</strong></span> 
     </span>
     <span class='ocr_line' id='line_1_41' title="bbox 31 3847 1138 3921; baseline -0.007 -17"><span class='ocrx_word' id='word_1_332' title='bbox 31 3852 133 3921; x_wconf 71' lang='lat' dir='ltr'><strong>fuerit,</strong></span> <span class='ocrx_word' id='word_1_333' title='bbox 162 3851 244 3920; x_wconf 74' lang='lat' dir='ltr'><strong>affert</strong></span> <span class='ocrx_word' id='word_1_334' title='bbox 262 3851 425 3920; x_wconf 67' lang='lat' dir='ltr'><strong>judicaturis</strong></span> <span class='ocrx_word' id='word_1_335' title='bbox 447 3853 608 3921; x_wconf 81' lang='lat' dir='ltr'><strong>exemplum,</strong></span> <span class='ocrx_word' id='word_1_336' title='bbox 634 3853 705 3920; x_wconf 74' lang='lat' dir='ltr'><strong>quod</strong></span> <span class='ocrx_word' id='word_1_337' title='bbox 718 3857 883 3918; x_wconf 63' lang='lat' dir='ltr'><strong>acquantum·</strong></span> <span class='ocrx_word' id='word_1_338' title='bbox 899 3847 1035 3919; x_wconf 59' lang='grc' dir='ltr'><strong>ιχίιάιίἰιιιιι</strong></span> <span class='ocrx_word' id='word_1_339' title='bbox 1050 3855 1138 3898; x_wconf 85' lang='lat' dir='ltr'><strong>antem</strong></span> 
     </span>
     <span class='ocr_line' id='line_1_42' title="bbox 32 3921 908 3990; baseline -0.003 -17"><span class='ocrx_word' id='word_1_340' title='bbox 32 3941 90 3982; x_wconf 80' lang='lat' dir='ltr'><strong>res,</strong></span> <span class='ocrx_word' id='word_1_341' title='bbox 110 3939 184 3989; x_wconf 78' lang='lat' dir='ltr'><strong>quac</strong></span> <span class='ocrx_word' id='word_1_342' title='bbox 200 3939 307 3971; x_wconf 81' lang='lat' dir='ltr'><strong>causam</strong></span> <span class='ocrx_word' id='word_1_343' title='bbox 324 3921 628 3988; x_wconf 73' lang='lat' dir='ltr'><strong>litemquedctcrrninat.</strong></span> <span class='ocrx_word' id='word_1_344' title='bbox 665 3942 689 3975; x_wconf 81' lang='lat' dir='ltr'><strong>v.</strong></span> <span class='ocrx_word' id='word_1_345' title='bbox 708 3940 735 3990; x_wconf 88' lang='lat' dir='ltr'><strong>p.</strong></span> <span class='ocrx_word' id='word_1_346' title='bbox 750 3923 846 3972; x_wconf 83' lang='lat' dir='ltr'><strong>Plane.</strong></span> <span class='ocrx_word' id='word_1_347' title='bbox 860 3921 908 3972; x_wconf 71' lang='lat'><strong>95.</strong></span> 
     </span>
    </p>

    <p class='ocr_par' dir='ltr' id='par_1_10' title="bbox 31 3989 1207 4412">
     <span class='ocr_line' id='line_1_43' title="bbox 83 3989 1137 4060; baseline -0.008 -16"><span class='ocrx_word' id='word_1_348' title='bbox 83 3992 205 4044; x_wconf 84' lang='lat' dir='ltr'><strong>XXIX.</strong></span> <span class='ocrx_word' id='word_1_349' title='bbox 248 3992 377 4042; x_wconf 84' lang='lat' dir='ltr'><strong>nonnulla</strong></span> <span class='ocrx_word' id='word_1_350' title='bbox 400 3991 519 4060; x_wconf 78' lang='lat' dir='ltr'><strong>forsitan</strong></span> <span class='ocrx_word' id='word_1_351' title='bbox 545 3991 715 4059; x_wconf 76' lang='lat' dir='ltr'><strong>conformare.</strong></span> <span class='ocrx_word' id='word_1_352' title='bbox 762 3991 870 4042; x_wconf 85' lang='lat' dir='ltr'><strong>Sustuli</strong></span> <span class='ocrx_word' id='word_1_353' title='bbox 895 3989 1010 4042; x_wconf 76' lang='lat' dir='ltr'><strong>rotulos</strong></span> <span class='ocrx_word' id='word_1_354' title='bbox 1041 3990 1069 4039; x_wconf 87' lang='lat' dir='ltr'><strong>in</strong></span> <span class='ocrx_word' id='word_1_355' title='bbox 1091 4003 1137 4044; x_wconf 85' lang='lat' dir='ltr'><strong>re,</strong></span> 
     </span>
     <span class='ocr_line' id='line_1_44' title="bbox 33 4056 1137 4132; baseline -0.008 -18"><span class='ocrx_word' id='word_1_356' title='bbox 33 4081 102 4130; x_wconf 84' lang='lat' dir='ltr'><strong>quae</strong></span> <span class='ocrx_word' id='word_1_357' title='bbox 118 4066 149 4114; x_wconf 91' lang='lat' dir='ltr'><strong>in</strong></span> <span class='ocrx_word' id='word_1_358' title='bbox 167 4062 234 4112; x_wconf 69' lang='lat' dir='ltr'><strong>Para</strong></span> <span class='ocrx_word' id='word_1_359' title='bbox 253 4061 281 4113; x_wconf 86' lang='grc'><strong>9.</strong></span> <span class='ocrx_word' id='word_1_360' title='bbox 299 4062 361 4112; x_wconf 86' lang='lat' dir='ltr'><strong>cdd.</strong></span> <span class='ocrx_word' id='word_1_361' title='bbox 372 4062 452 4113; x_wconf 77' lang='lat' dir='ltr'><strong>llum.</strong></span> <span class='ocrx_word' id='word_1_362' title='bbox 466 4063 555 4113; x_wconf 85' lang='lat' dir='ltr'><strong>Venn.</strong></span> <span class='ocrx_word' id='word_1_363' title='bbox 573 4069 600 4112; x_wconf 88' lang='lat' dir='ltr'><strong>ct</strong></span> <span class='ocrx_word' id='word_1_364' title='bbox 614 4062 777 4128; x_wconf 74' lang='lat' dir='ltr'><strong>iurulgatis</strong></span> <span class='ocrx_word' id='word_1_365' title='bbox 793 4065 857 4132; x_wconf 88' lang='lat' dir='ltr'><strong>post</strong></span> <span class='ocrx_word' id='word_1_366' title='bbox 872 4059 1002 4129; x_wconf 78' lang='lat' dir='ltr'><strong>nonnulla</strong></span> <span class='ocrx_word' id='word_1_367' title='bbox 1016 4056 1137 4115; x_wconf 79' lang='lat' dir='ltr'><strong>additae,</strong></span> 
     </span>
     <span class='ocr_line' id='line_1_45' title="bbox 31 4125 1207 4198; baseline -0.006 -16"><span class='ocrx_word' id='word_1_368' title='bbox 31 4133 59 4182; x_wconf 86' lang='lat' dir='ltr'><strong>iu</strong></span> <span class='ocrx_word' id='word_1_369' title='bbox 77 4135 164 4184; x_wconf 82' lang='lat' dir='ltr'><strong>Par-r.</strong></span> <span class='ocrx_word' id='word_1_370' title='bbox 184 4130 211 4182; x_wconf 84' lang='lat' dir='ltr'><strong>l.</strong></span> <span class='ocrx_word' id='word_1_371' title='bbox 228 4130 257 4182; x_wconf 75' lang='lat' dir='ltr'><strong>d.</strong></span> <span class='ocrx_word' id='word_1_372' title='bbox 275 4131 303 4184; x_wconf 77' lang='lat'><strong>7.</strong></span> <span class='ocrx_word' id='word_1_373' title='bbox 320 4129 348 4184; x_wconf 83' lang='lat'><strong>8.</strong></span> <span class='ocrx_word' id='word_1_374' title='bbox 368 4131 443 4183; x_wconf 71' lang='lat'><strong>041.</strong></span> <span class='ocrx_word' id='word_1_375' title='bbox 465 4134 493 4182; x_wconf 90' lang='lat' dir='ltr'><strong>in</strong></span> <span class='ocrx_word' id='word_1_376' title='bbox 520 4132 644 4182; x_wconf 84' lang='lat' dir='ltr'><strong>omnibus</strong></span> <span class='ocrx_word' id='word_1_377' title='bbox 663 4131 815 4190; x_wconf 84' lang='lat' dir='ltr'><strong>Palatinis,</strong></span> <span class='ocrx_word' id='word_1_378' title='bbox 843 4137 929 4198; x_wconf 83' lang='lat' dir='ltr'><strong>&#39;utque</strong></span> <span class='ocrx_word' id='word_1_379' title='bbox 950 4131 979 4178; x_wconf 82' lang='lat' dir='ltr'><strong>in</strong></span> <span class='ocrx_word' id='word_1_380' title='bbox 1004 4127 1082 4180; x_wconf 82' lang='lat' dir='ltr'><strong>codd.</strong></span> <span class='ocrx_word' id='word_1_381' title='bbox 1106 4125 1137 4176; x_wconf 88' lang='lat' dir='ltr'><strong>S.</strong></span> <span class='ocrx_word' id='word_1_382' title='bbox 1205 4138 1207 4144; x_wconf 87' lang='lat'>·</span> 
     </span>
     <span class='ocr_line' id='line_1_46' title="bbox 32 4197 1137 4271; baseline -0.005 -19"><span class='ocrx_word' id='word_1_383' title='bbox 32 4201 163 4255; x_wconf 73' lang='lat' dir='ltr'><strong>Victoris</strong></span> <span class='ocrx_word' id='word_1_384' title='bbox 180 4207 210 4252; x_wconf 89' lang='lat' dir='ltr'><strong>ct</strong></span> <span class='ocrx_word' id='word_1_385' title='bbox 221 4201 334 4253; x_wconf 84' lang='lat' dir='ltr'><strong>Francii</strong></span> <span class='ocrx_word' id='word_1_386' title='bbox 349 4203 457 4260; x_wconf 83' lang='lat' dir='ltr'><strong>desunt,</strong></span> <span class='ocrx_word' id='word_1_387' title='bbox 494 4203 550 4253; x_wconf 88' lang='lat' dir='ltr'><strong>Pro</strong></span> <span class='ocrx_word' id='word_1_388' title='bbox 566 4203 678 4271; x_wconf 74' lang='lat' dir='ltr'><strong>vulgato</strong></span> <span class='ocrx_word' id='word_1_389' title='bbox 693 4217 745 4251; x_wconf 86' lang='lat' dir='ltr'><strong>non</strong></span> <span class='ocrx_word' id='word_1_390' title='bbox 760 4199 858 4256; x_wconf 66' lang='lat' dir='ltr'><strong>medei,</strong></span> <span class='ocrx_word' id='word_1_391' title='bbox 884 4201 987 4268; x_wconf 74' lang='lat' dir='ltr'><strong>legitur</strong></span> <span class='ocrx_word' id='word_1_392' title='bbox 1011 4200 1037 4247; x_wconf 90' lang='lat' dir='ltr'><strong>in</strong></span> <span class='ocrx_word' id='word_1_393' title='bbox 1055 4197 1137 4246; x_wconf 85' lang='lat' dir='ltr'><strong>Parr.</strong></span> 
     </span>
     <span class='ocr_line' id='line_1_47' title="bbox 32 4266 1138 4340; baseline -0.005 -18"><span class='ocrx_word' id='word_1_394' title='bbox 32 4273 60 4326; x_wconf 74' lang='lat'><strong>⁸1.</strong></span> <span class='ocrx_word' id='word_1_395' title='bbox 77 4274 107 4325; x_wconf 84' lang='grc'><strong>9.</strong></span> <span class='ocrx_word' id='word_1_396' title='bbox 123 4269 210 4332; x_wconf 72' lang='lat' dir='ltr'><strong>Oh.-</strong></span> <span class='ocrx_word' id='word_1_397' title='bbox 221 4273 263 4324; x_wconf 87' lang='lat' dir='ltr'><strong>ed.</strong></span> <span class='ocrx_word' id='word_1_398' title='bbox 279 4271 418 4325; x_wconf 78' lang='lat' dir='ltr'><strong>Romana:</strong></span> <span class='ocrx_word' id='word_1_399' title='bbox 436 4289 488 4322; x_wconf 85' lang='lat' dir='ltr'><strong>non</strong></span> <span class='ocrx_word' id='word_1_400' title='bbox 500 4289 625 4340; x_wconf 65' lang='lat' dir='ltr'><strong>passum</strong></span> <span class='ocrx_word' id='word_1_401' title='bbox 645 4280 761 4339; x_wconf 78' lang='lat' dir='ltr'><strong>utraque</strong></span> <span class='ocrx_word' id='word_1_402' title='bbox 779 4271 876 4322; x_wconf 74' lang='lat' dir='ltr'><strong>vocula</strong></span> <span class='ocrx_word' id='word_1_403' title='bbox 894 4271 974 4322; x_wconf 81' lang='lat' dir='ltr'><strong>obeat</strong></span> <span class='ocrx_word' id='word_1_404' title='bbox 990 4269 1018 4318; x_wconf 92' lang='lat' dir='ltr'><strong>iu</strong></span> <span class='ocrx_word' id='word_1_405' title='bbox 1035 4266 1138 4318; x_wconf 80' lang='lat' dir='ltr'><strong>ceteris</strong></span> 
     </span>
     <span class='ocr_line' id='line_1_48' title="bbox 31 4340 1137 4412; baseline -0.007 -18"><span class='ocrx_word' id='word_1_406' title='bbox 31 4345 162 4395; x_wconf 82' lang='lat' dir='ltr'><strong>melioris</strong></span> <span class='ocrx_word' id='word_1_407' title='bbox 182 4349 265 4394; x_wconf 84' lang='lat' dir='ltr'><strong>uotae</strong></span> <span class='ocrx_word' id='word_1_408' title='bbox 286 4342 367 4394; x_wconf 85' lang='lat' dir='ltr'><strong>Parr.</strong></span> <span class='ocrx_word' id='word_1_409' title='bbox 391 4348 476 4412; x_wconf 86' lang='lat' dir='ltr'><strong>atque</strong></span> <span class='ocrx_word' id='word_1_410' title='bbox 495 4343 568 4402; x_wconf 73' lang='lat'><strong>01¹,</strong></span> <span class='ocrx_word' id='word_1_411' title='bbox 610 4342 653 4396; x_wconf 81' lang='lat' dir='ltr'><strong>De</strong></span> <span class='ocrx_word' id='word_1_412' title='bbox 676 4342 762 4395; x_wconf 79' lang='lat' dir='ltr'><strong>verbo</strong></span> <span class='ocrx_word' id='word_1_413' title='bbox 783 4340 964 4409; x_wconf 81' lang='lat' dir='ltr'><strong>conformare,</strong></span> <span class='ocrx_word' id='word_1_414' title='bbox 1002 4352 1053 4407; x_wconf 82' lang='lat' dir='ltr'><strong>pro</strong></span> <span class='ocrx_word' id='word_1_415' title='bbox 1083 4351 1137 4403; x_wconf 85' lang='lat' dir='ltr'><strong>quo</strong></span> 
     </span>
    </p>
   </div>
   <div class='ocr_carea' id='block_1_8' title="bbox 32 4407 1136 4480">
    <p class='ocr_par' dir='ltr' id='par_1_11' title="bbox 32 4407 1136 4480">
     <span class='ocr_line' id='line_1_49' title="bbox 32 4407 1136 4480; baseline -0.003 -15"><span class='ocrx_word' id='word_1_416' title='bbox 32 4416 117 4466; x_wconf 79' lang='lat' dir='ltr'><strong>ctiam</strong></span> <span class='ocrx_word' id='word_1_417' title='bbox 136 4414 165 4465; x_wconf 83' lang='lat' dir='ltr'><strong>h.</strong></span> <span class='ocrx_word' id='word_1_418' title='bbox 187 4411 206 4464; x_wconf 85' lang='lat' dir='ltr'><strong>l.</strong></span> <span class='ocrx_word' id='word_1_419' title='bbox 225 4412 305 4464; x_wconf 84' lang='lat' dir='ltr'><strong>Parr.</strong></span> <span class='ocrx_word' id='word_1_420' title='bbox 326 4411 352 4466; x_wconf 86' lang='lat' dir='ltr'><strong>l.</strong></span> <span class='ocrx_word' id='word_1_421' title='bbox 369 4412 397 4466; x_wconf 76' lang='grc' dir='ltr'><strong>Β.</strong></span> <span class='ocrx_word' id='word_1_422' title='bbox 413 4411 433 4468; x_wconf 79' lang='grc'>9</span> <span class='ocrx_word' id='word_1_423' title='bbox 448 4431 482 4465; x_wconf 87' lang='lat' dir='ltr'><strong>ru.</strong></span> <span class='ocrx_word' id='word_1_424' title='bbox 502 4408 557 4466; x_wconf 68' lang='lat' dir='ltr'><strong>sc&#39;c.</strong></span> <span class='ocrx_word' id='word_1_425' title='bbox 583 4411 657 4468; x_wconf 74' lang='lat' dir='ltr'><strong>oax.</strong></span> <span class='ocrx_word' id='word_1_426' title='bbox 677 4413 720 4466; x_wconf 80' lang='lat' dir='ltr'><strong>sd.</strong></span> <span class='ocrx_word' id='word_1_427' title='bbox 742 4407 821 4464; x_wconf 83' lang='lat' dir='ltr'><strong>Rom.</strong></span> <span class='ocrx_word' id='word_1_428' title='bbox 843 4409 945 4464; x_wconf 81' lang='lat' dir='ltr'><strong>babent</strong></span> <span class='ocrx_word' id='word_1_429' title='bbox 964 4408 1136 4480; x_wconf 78' lang='lat' dir='ltr'><strong>confirmare.</strong></span> 
     </span>
    </p>
   </div>
   <div class='ocr_carea' id='block_1_9' title="bbox 0 0 1416 5018">
    <p class='ocr_par' dir='ltr' id='par_1_12' title="bbox 0 0 1416 5018">
     <span class='ocr_line' id='line_1_50' title="bbox 0 0 1416 5018; baseline 0 0"><span class='ocrx_word' id='word_1_430' title='bbox 0 0 1416 5018; x_wconf 95' lang='lat' dir='ltr'><strong> </strong></span> 
     </span>
    </p>
   </div>
  </div>
 </body>
</html>
