<?xml version="1.0" encoding="UTF-8"?>
<!DOCTYPE html PUBLIC "-//W3C//DTD XHTML 1.0 Transitional//EN"
    "http://www.w3.org/TR/xhtml1/DTD/xhtml1-transitional.dtd">
<html xmlns="http://www.w3.org/1999/xhtml" xml:lang="en" lang="en">
 <head>
  <title>
</title>
<meta http-equiv="Content-Type" content="text/html;charset=utf-8" />
  <meta name='ocr-system' content='tesseract 3.04.00' />
  <meta name='ocr-capabilities' content='ocr_page ocr_carea ocr_par ocr_line ocrx_word'/>
</head>
<body>
  <div class='ocr_page' id='page_1' title='image "./mtulliiciceroni67cicegoog/mtulliiciceroni67cicegoog_0256.png"; bbox 0 0 2782 5022; ppageno 0'>
   <div class='ocr_carea' id='block_1_1' title="bbox 423 121 476 206">
    <p class='ocr_par' dir='ltr' id='par_1_1' title="bbox 423 121 476 206">
     <span class='ocr_line' id='line_1_1' title="bbox 423 121 476 206; baseline 0 -80"><span class='ocrx_word' id='word_1_1' title='bbox 423 150 430 206; x_wconf 38' lang='grc' dir='ltr'>ι</span> <span class='ocrx_word' id='word_1_2' title='bbox 472 121 476 126; x_wconf 88' lang='grc'>,</span> 
     </span>
    </p>
   </div>
   <div class='ocr_carea' id='block_1_2' title="bbox 304 332 1153 418">
    <p class='ocr_par' dir='ltr' id='par_1_2' title="bbox 304 332 1153 418">
     <span class='ocr_line' id='line_1_2' title="bbox 304 332 1153 418; baseline -0.011 -27"><span class='ocrx_word' id='word_1_3' title='bbox 304 336 399 394; x_wconf 82' lang='lat' dir='ltr'><strong>ruo</strong></span> <span class='ocrx_word' id='word_1_4' title='bbox 426 334 621 418; x_wconf 70' lang='lat' dir='ltr'><strong>sucuro</strong></span> <span class='ocrx_word' id='word_1_5' title='bbox 642 333 812 392; x_wconf 69' lang='lat' dir='ltr'><strong>roura</strong></span> <span class='ocrx_word' id='word_1_6' title='bbox 998 371 1000 388; x_wconf 81' lang='lat'><strong>.</strong></span> <span class='ocrx_word' id='word_1_7' title='bbox 1027 332 1110 410; x_wconf 76' lang='lat'><strong>257</strong></span> <span class='ocrx_word' id='word_1_8' title='bbox 1152 375 1153 382; x_wconf 42' lang='lat'><strong>.</strong></span> 
     </span>
    </p>
   </div>
   <div class='ocr_carea' id='block_1_3' title="bbox 41 503 1262 926">
    <p class='ocr_par' dir='ltr' id='par_1_3' title="bbox 43 503 1114 586">
     <span class='ocr_line' id='line_1_3' title="bbox 43 503 1114 586; baseline -0.01 -12"><span class='ocrx_word' id='word_1_9' title='bbox 43 512 120 574; x_wconf 85' lang='lat' dir='ltr'><strong>ctiam</strong></span> <span class='ocrx_word' id='word_1_10' title='bbox 145 507 204 570; x_wconf 87' lang='lat' dir='ltr'><strong>hoc</strong></span> <span class='ocrx_word' id='word_1_11' title='bbox 231 527 297 568; x_wconf 89' lang='lat' dir='ltr'><strong>uon</strong></span> <span class='ocrx_word' id='word_1_12' title='bbox 324 505 431 568; x_wconf 87' lang='lat' dir='ltr'><strong>solum</strong></span> <span class='ocrx_word' id='word_1_13' title='bbox 457 504 583 586; x_wconf 77' lang='lat' dir='ltr'><strong>ingenii</strong></span> <span class='ocrx_word' id='word_1_14' title='bbox 605 527 642 568; x_wconf 88' lang='lat' dir='ltr'><strong>ac</strong></span> <span class='ocrx_word' id='word_1_15' title='bbox 664 506 852 581; x_wconf 84' lang='lat' dir='ltr'><strong>literarum,</strong></span> <span class='ocrx_word' id='word_1_16' title='bbox 884 503 1114 568; x_wconf 78' lang='lat' dir='ltr'><strong>verumetiam</strong></span> 
     </span>
    </p>

    <p class='ocr_par' dir='ltr' id='par_1_4' title="bbox 41 587 1112 674">
     <span class='ocr_line' id='line_1_4' title="bbox 41 587 1112 674; baseline -0.008 -19"><span class='ocrx_word' id='word_1_17' title='bbox 41 604 151 656; x_wconf 89' lang='lat' dir='ltr'><strong>naturae</strong></span> <span class='ocrx_word' id='word_1_18' title='bbox 169 599 262 674; x_wconf 90' lang='lat' dir='ltr'><strong>atque</strong></span> <span class='ocrx_word' id='word_1_19' title='bbox 277 589 422 664; x_wconf 83' lang='lat' dir='ltr'><strong>virtutis,</strong></span> <span class='ocrx_word' id='word_1_20' title='bbox 446 598 481 650; x_wconf 92' lang='lat' dir='ltr'><strong>ut</strong></span> <span class='ocrx_word' id='word_1_21' title='bbox 500 591 626 662; x_wconf 87' lang='lat' dir='ltr'><strong>domus,</strong></span> <span class='ocrx_word' id='word_1_22' title='bbox 650 613 732 672; x_wconf 88' lang='lat' dir='ltr'><strong>quae</strong></span> <span class='ocrx_word' id='word_1_23' title='bbox 751 591 847 652; x_wconf 90' lang='lat' dir='ltr'><strong>huius</strong></span> <span class='ocrx_word' id='word_1_24' title='bbox 866 587 1112 650; x_wconf 79' lang='lat' dir='ltr'><strong>adolescentiae</strong></span> 
     </span>
    </p>

    <p class='ocr_par' dir='ltr' id='par_1_5' title="bbox 41 655 1262 926">
     <span class='ocr_line' id='line_1_5' title="bbox 41 655 1262 760; baseline -0.008 -22"><span class='ocrx_word' id='word_1_25' title='bbox 41 679 125 760; x_wconf 89' lang='lat' dir='ltr'><strong>prima</strong></span> <span class='ocrx_word' id='word_1_26' title='bbox 143 675 253 747; x_wconf 83' lang='lat' dir='ltr'><strong>fuerit,</strong></span> <span class='ocrx_word' id='word_1_27' title='bbox 276 675 397 734; x_wconf 87' lang='lat' dir='ltr'><strong>eadem</strong></span> <span class='ocrx_word' id='word_1_28' title='bbox 423 681 513 734; x_wconf 90' lang='lat' dir='ltr'><strong>esset</strong></span> <span class='ocrx_word' id='word_1_29' title='bbox 539 673 790 735; x_wconf 80' lang='lat' dir='ltr'><strong>familiarissima</strong></span> <span class='ocrx_word' id='word_1_30' title='bbox 814 673 988 734; x_wconf 80' lang='lat' dir='ltr'>senectuti.</span> <span class='ocrx_word' id='word_1_31' title='bbox 1032 671 1113 730; x_wconf 82' lang='lat' dir='ltr'><strong>Erat</strong></span> <span class='ocrx_word' id='word_1_32' title='bbox 1144 655 1164 709; x_wconf 70' lang='grc'>6</span> <span class='ocrx_word' id='word_1_33' title='bbox 1258 731 1262 738; x_wconf 67' lang='grc'><strong><em>,</em></strong></span> 
     </span>
     <span class='ocr_line' id='line_1_6' title="bbox 41 745 1205 841; baseline -0.008 -20"><span class='ocrx_word' id='word_1_34' title='bbox 41 759 213 841; x_wconf 82' lang='lat' dir='ltr'><strong>temporibus</strong></span> <span class='ocrx_word' id='word_1_35' title='bbox 240 757 306 818; x_wconf 87' lang='lat' dir='ltr'><strong>illis</strong></span> <span class='ocrx_word' id='word_1_36' title='bbox 333 756 495 817; x_wconf 82' lang='lat' dir='ltr'><strong>iucundus</strong></span> <span class='ocrx_word' id='word_1_37' title='bbox 515 757 563 832; x_wconf 94' lang='lat' dir='ltr'><strong>Q</strong></span> <span class='ocrx_word' id='word_1_38' title='bbox 585 757 747 832; x_wconf 86' lang='lat' dir='ltr'><strong>Metello,</strong></span> <span class='ocrx_word' id='word_1_39' title='bbox 778 757 831 817; x_wconf 89' lang='lat' dir='ltr'><strong>illi</strong></span> <span class='ocrx_word' id='word_1_40' title='bbox 851 756 1046 828; x_wconf 84' lang='lat' dir='ltr'><strong>Numidico,</strong></span> <span class='ocrx_word' id='word_1_41' title='bbox 1081 761 1115 813; x_wconf 92' lang='lat' dir='ltr'><strong>et</strong></span> <span class='ocrx_word' id='word_1_42' title='bbox 1200 745 1205 764; x_wconf 67' lang='lat'><em>⁴</em></span> 
     </span>
     <span class='ocr_line' id='line_1_7' title="bbox 43 836 1115 926; baseline -0.008 -22"><span class='ocrx_word' id='word_1_43' title='bbox 43 845 96 904; x_wconf 87' lang='lat' dir='ltr'><strong>eius</strong></span> <span class='ocrx_word' id='word_1_44' title='bbox 112 843 166 916; x_wconf 81' lang='lat' dir='ltr'><strong>Pio</strong></span> <span class='ocrx_word' id='word_1_45' title='bbox 183 841 265 902; x_wconf 87' lang='lat' dir='ltr'><strong>filio:</strong></span> <span class='ocrx_word' id='word_1_46' title='bbox 301 839 496 901; x_wconf 75' lang='lat' dir='ltr'><strong>audiebatur</strong></span> <span class='ocrx_word' id='word_1_47' title='bbox 514 863 532 900; x_wconf 85' lang='lat' dir='ltr'><strong>a</strong></span> <span class='ocrx_word' id='word_1_48' title='bbox 552 839 600 926; x_wconf 75' lang='lat' dir='ltr'><strong>M:</strong></span> <span class='ocrx_word' id='word_1_49' title='bbox 618 840 779 901; x_wconf 69' lang='lat' dir='ltr'><strong>Aemilios</strong></span> <span class='ocrx_word' id='word_1_50' title='bbox 818 841 950 902; x_wconf 82' lang='lat' dir='ltr'><strong>vivebat</strong></span> <span class='ocrx_word' id='word_1_51' title='bbox 978 860 1049 899; x_wconf 89' lang='lat' dir='ltr'><strong>cum</strong></span> <span class='ocrx_word' id='word_1_52' title='bbox 1073 836 1115 912; x_wconf 89' lang='lat' dir='ltr'><strong>Q.</strong></span> 
     </span>
    </p>
   </div>
   <div class='ocr_carea' id='block_1_4' title="bbox 35 975 1259 4450">
    <p class='ocr_par' dir='ltr' id='par_1_6' title="bbox 42 975 1116 1049">
     <span class='ocr_line' id='line_1_8' title="bbox 42 975 1116 1049; baseline -0.007 -16"><span class='ocrx_word' id='word_1_53' title='bbox 42 981 138 1034; x_wconf 77' lang='lat' dir='ltr'><strong>adTac.</strong></span> <span class='ocrx_word' id='word_1_54' title='bbox 154 978 213 1030; x_wconf 83' lang='lat' dir='ltr'><strong>XII</strong></span> <span class='ocrx_word' id='word_1_55' title='bbox 227 977 277 1030; x_wconf 67' lang='grc'><strong>41.</strong></span> <span class='ocrx_word' id='word_1_56' title='bbox 305 979 365 1030; x_wconf 75' lang='lat' dir='ltr'><strong>niv.</strong></span> <span class='ocrx_word' id='word_1_57' title='bbox 385 977 477 1028; x_wconf 83' lang='lat' dir='ltr'><strong>xxn</strong></span> <span class='ocrx_word' id='word_1_58' title='bbox 495 976 552 1029; x_wconf 70' lang='lat'><strong>5⁷2</strong></span> <span class='ocrx_word' id='word_1_59' title='bbox 586 977 699 1028; x_wconf 82' lang='lat' dir='ltr'><strong>Detecto</strong></span> <span class='ocrx_word' id='word_1_60' title='bbox 717 977 822 1039; x_wconf 78' lang='lat' dir='ltr'><strong>edicto,</strong></span> <span class='ocrx_word' id='word_1_61' title='bbox 842 975 968 1049; x_wconf 77' lang='lat' dir='ltr'><strong>juniores</strong></span> <span class='ocrx_word' id='word_1_62' title='bbox 986 979 1019 1030; x_wconf 82' lang='lat' dir='ltr'><strong>ab</strong></span> <span class='ocrx_word' id='word_1_63' title='bbox 1037 978 1116 1028; x_wconf 73' lang='lat' dir='ltr'><strong>anesis</strong></span> 
     </span>
    </p>

    <p class='ocr_par' dir='ltr' id='par_1_7' title="bbox 41 1037 1259 1186">
     <span class='ocr_line' id='line_1_9' title="bbox 41 1037 1259 1121; baseline -0.007 -18"><span class='ocrx_word' id='word_1_64' title='bbox 41 1052 194 1121; x_wconf 71' lang='lat' dir='ltr'><strong>septemdecim</strong></span> <span class='ocrx_word' id='word_1_65' title='bbox 207 1057 233 1100; x_wconf 86' lang='lat' dir='ltr'><strong>et</strong></span> <span class='ocrx_word' id='word_1_66' title='bbox 250 1048 378 1116; x_wconf 77' lang='lat' dir='ltr'><strong>quosdam</strong></span> <span class='ocrx_word' id='word_1_67' title='bbox 389 1055 577 1118; x_wconf 82' lang='lat' dir='ltr'><strong>praetextatos</strong></span> <span class='ocrx_word' id='word_1_68' title='bbox 592 1050 722 1100; x_wconf 83' lang='lat' dir='ltr'><strong>scribunt.</strong></span> <span class='ocrx_word' id='word_1_69' title='bbox 890 1075 892 1084; x_wconf 56' lang='grc' dir='ltr'>ι</span> <span class='ocrx_word' id='word_1_70' title='bbox 920 1096 926 1107; x_wconf 74' lang='grc'>,</span> <span class='ocrx_word' id='word_1_71' title='bbox 1208 1055 1212 1058; x_wconf 87' lang='grc'><em>“</em></span> <span class='ocrx_word' id='word_1_72' title='bbox 1257 1037 1259 1062; x_wconf 78' lang='lat'>&#39;</span> 
     </span>
     <span class='ocr_line' id='line_1_10' title="bbox 80 1119 1124 1186; baseline -0.002 -14"><span class='ocrx_word' id='word_1_73' title='bbox 80 1123 119 1173; x_wconf 81' lang='lat' dir='ltr'><strong>sed</strong></span> <span class='ocrx_word' id='word_1_74' title='bbox 132 1123 208 1172; x_wconf 82' lang='lat' dir='ltr'><strong>etiam</strong></span> <span class='ocrx_word' id='word_1_75' title='bbox 219 1121 277 1171; x_wconf 76' lang='lat' dir='ltr'><strong>leae.</strong></span> <span class='ocrx_word' id='word_1_76' title='bbox 313 1121 360 1172; x_wconf 87' lang='lat' dir='ltr'><strong>Ita</strong></span> <span class='ocrx_word' id='word_1_77' title='bbox 384 1137 444 1170; x_wconf 85' lang='lat' dir='ltr'><strong>cum</strong></span> <span class='ocrx_word' id='word_1_78' title='bbox 468 1120 550 1170; x_wconf 86' lang='lat' dir='ltr'><strong>libris</strong></span> <span class='ocrx_word' id='word_1_79' title='bbox 573 1119 692 1186; x_wconf 85' lang='lat' dir='ltr'><strong>Gruteri</strong></span> <span class='ocrx_word' id='word_1_80' title='bbox 715 1125 744 1172; x_wconf 91' lang='lat' dir='ltr'><strong>et</strong></span> <span class='ocrx_word' id='word_1_81' title='bbox 767 1119 901 1180; x_wconf 80' lang='lat' dir='ltr'><strong>Graevii,</strong></span> <span class='ocrx_word' id='word_1_82' title='bbox 931 1120 1013 1170; x_wconf 83' lang='lat' dir='ltr'><strong>ctiam</strong></span> <span class='ocrx_word' id='word_1_83' title='bbox 1029 1120 1124 1170; x_wconf 60' lang='lat' dir='ltr'><strong>Bavv..</strong></span> 
     </span>
    </p>

    <p class='ocr_par' dir='ltr' id='par_1_8' title="bbox 42 1189 1117 1263">
     <span class='ocr_line' id='line_1_11' title="bbox 42 1189 1117 1263; baseline -0.005 -20"><span class='ocrx_word' id='word_1_84' title='bbox 42 1193 102 1244; x_wconf 81' lang='lat' dir='ltr'><strong>Parr.</strong></span> <span class='ocrx_word' id='word_1_85' title='bbox 126 1193 183 1244; x_wconf 84' lang='lat' dir='ltr'><strong>cdd.</strong></span> <span class='ocrx_word' id='word_1_86' title='bbox 199 1193 278 1243; x_wconf 83' lang='lat' dir='ltr'><strong>Rom.</strong></span> <span class='ocrx_word' id='word_1_87' title='bbox 292 1191 419 1245; x_wconf 80' lang='lat' dir='ltr'><strong>Venetae</strong></span> <span class='ocrx_word' id='word_1_88' title='bbox 437 1189 518 1243; x_wconf 69' lang='lat'><strong>14⁷2</strong></span> <span class='ocrx_word' id='word_1_89' title='bbox 544 1196 573 1242; x_wconf 90' lang='lat' dir='ltr'><strong>et</strong></span> <span class='ocrx_word' id='word_1_90' title='bbox 599 1189 697 1252; x_wconf 76' lang='lat'><strong>1499,</strong></span> <span class='ocrx_word' id='word_1_91' title='bbox 726 1193 803 1263; x_wconf 84' lang='lat' dir='ltr'><strong>cujus</strong></span> <span class='ocrx_word' id='word_1_92' title='bbox 827 1191 946 1258; x_wconf 74' lang='lat' dir='ltr'><strong>margini</strong></span> <span class='ocrx_word' id='word_1_93' title='bbox 971 1190 1117 1242; x_wconf 84' lang='lat' dir='ltr'><strong>Victorius</strong></span> 
     </span>
    </p>

    <p class='ocr_par' dir='ltr' id='par_1_9' title="bbox 43 1260 1119 1334">
     <span class='ocr_line' id='line_1_12' title="bbox 43 1260 1119 1334; baseline -0.004 -21"><span class='ocrx_word' id='word_1_94' title='bbox 43 1264 175 1334; x_wconf 73' lang='lat' dir='ltr'><strong>adscripsit:</strong></span> <span class='ocrx_word' id='word_1_95' title='bbox 201 1263 305 1313; x_wconf 83' lang='lat' dir='ltr'><strong>etenim.</strong></span> <span class='ocrx_word' id='word_1_96' title='bbox 341 1260 476 1330; x_wconf 87' lang='lat' dir='ltr'><strong>Archiep.</strong></span> <span class='ocrx_word' id='word_1_97' title='bbox 498 1279 533 1313; x_wconf 87' lang='grc' dir='ltr'><strong>ιιι.</strong></span> <span class='ocrx_word' id='word_1_98' title='bbox 552 1278 607 1312; x_wconf 89' lang='lat' dir='ltr'><strong>sec.</strong></span> <span class='ocrx_word' id='word_1_99' title='bbox 627 1263 670 1313; x_wconf 86' lang='lat' dir='ltr'><strong>ed.</strong></span> <span class='ocrx_word' id='word_1_100' title='bbox 693 1261 785 1330; x_wconf 76' lang='lat' dir='ltr'><strong>Naug.</strong></span> <span class='ocrx_word' id='word_1_101' title='bbox 805 1263 937 1322; x_wconf 69' lang='lat' dir='ltr'><strong>sedenim</strong></span> <span class='ocrx_word' id='word_1_102' title='bbox 966 1268 994 1313; x_wconf 90' lang='lat' dir='ltr'><strong>et</strong></span> <span class='ocrx_word' id='word_1_103' title='bbox 1016 1262 1119 1310; x_wconf 57' lang='lat' dir='ltr'><strong>Franci</strong></span> 
     </span>
    </p>

    <p class='ocr_par' dir='ltr' id='par_1_10' title="bbox 43 1332 1132 1401">
     <span class='ocr_line' id='line_1_13' title="bbox 43 1332 1132 1401; baseline -0.004 -17"><span class='ocrx_word' id='word_1_104' title='bbox 43 1333 76 1385; x_wconf 81' lang='lat' dir='ltr'><strong>sei</strong></span> <span class='ocrx_word' id='word_1_105' title='bbox 88 1343 111 1384; x_wconf 85' lang='lat' dir='ltr'><strong>et</strong></span> <span class='ocrx_word' id='word_1_106' title='bbox 123 1334 177 1384; x_wconf 76' lang='lat' dir='ltr'><strong>loc.</strong></span> <span class='ocrx_word' id='word_1_107' title='bbox 197 1333 367 1398; x_wconf 79' lang='lat' dir='ltr'><strong>Garatonius</strong></span> <span class='ocrx_word' id='word_1_108' title='bbox 381 1332 529 1400; x_wconf 72' lang='lat' dir='ltr'><strong>legendum</strong></span> <span class='ocrx_word' id='word_1_109' title='bbox 548 1339 657 1384; x_wconf 84' lang='lat' dir='ltr'><strong>censet=</strong></span> <span class='ocrx_word' id='word_1_110' title='bbox 676 1333 724 1383; x_wconf 80' lang='lat' dir='ltr'><strong>sed</strong></span> <span class='ocrx_word' id='word_1_111' title='bbox 738 1341 778 1400; x_wconf 82' lang='lat' dir='ltr'><strong>est</strong></span> <span class='ocrx_word' id='word_1_112' title='bbox 795 1333 862 1392; x_wconf 50' lang='lat' dir='ltr'><strong>lece„</strong></span> <span class='ocrx_word' id='word_1_113' title='bbox 875 1337 959 1401; x_wconf 80' lang='lat' dir='ltr'><strong>quam&#39;</strong></span> <span class='ocrx_word' id='word_1_114' title='bbox 970 1333 1132 1383; x_wconf 51' lang='lat' dir='ltr'><strong>lectionem¹</strong></span> 
     </span>
    </p>

    <p class='ocr_par' dir='ltr' id='par_1_11' title="bbox 43 1402 1117 1473">
     <span class='ocr_line' id='line_1_14' title="bbox 43 1402 1117 1473; baseline -0.002 -19"><span class='ocrx_word' id='word_1_115' title='bbox 43 1404 202 1473; x_wconf 77' lang='lat' dir='ltr'><strong>Paniiprae</strong></span> <span class='ocrx_word' id='word_1_116' title='bbox 219 1423 248 1456; x_wconf 87' lang='lat' dir='ltr'><strong>se</strong></span> <span class='ocrx_word' id='word_1_117' title='bbox 267 1405 342 1464; x_wconf 79' lang='lat' dir='ltr'><strong>fert3</strong></span> <span class='ocrx_word' id='word_1_118' title='bbox 372 1404 461 1453; x_wconf 80' lang='lat' dir='ltr'><strong>autri</strong></span> <span class='ocrx_word' id='word_1_119' title='bbox 480 1402 601 1470; x_wconf 76' lang='lat' dir='ltr'><strong>voxficit</strong></span> <span class='ocrx_word' id='word_1_120' title='bbox 622 1409 685 1472; x_wconf 87' lang='lat' dir='ltr'><strong>post</strong></span> <span class='ocrx_word' id='word_1_121' title='bbox 703 1405 833 1464; x_wconf 70' lang='lat' dir='ltr'><strong>virtutis,</strong></span> <span class='ocrx_word' id='word_1_122' title='bbox 860 1421 941 1472; x_wconf 83' lang='lat' dir='ltr'><strong>quarn</strong></span> <span class='ocrx_word' id='word_1_123' title='bbox 960 1402 1034 1454; x_wconf 67' lang='lat'><strong>05¹.</strong></span> <span class='ocrx_word' id='word_1_124' title='bbox 1055 1403 1117 1453; x_wconf 89' lang='lat' dir='ltr'><strong>cdd.</strong></span> 
     </span>
    </p>

    <p class='ocr_par' dir='ltr' id='par_1_12' title="bbox 45 1473 1118 1544">
     <span class='ocr_line' id='line_1_15' title="bbox 45 1473 1118 1544; baseline -0.004 -18"><span class='ocrx_word' id='word_1_125' title='bbox 45 1475 103 1526; x_wconf 81' lang='lat' dir='ltr'><strong>Rom.</strong></span> <span class='ocrx_word' id='word_1_126' title='bbox 119 1475 184 1526; x_wconf 82' lang='lat' dir='ltr'><strong>llen.</strong></span> <span class='ocrx_word' id='word_1_127' title='bbox 201 1474 281 1528; x_wconf 72' lang='lat'><strong>1499</strong></span> <span class='ocrx_word' id='word_1_128' title='bbox 300 1475 439 1532; x_wconf 75' lang='lat' dir='ltr'><strong>retinent,</strong></span> <span class='ocrx_word' id='word_1_129' title='bbox 465 1489 517 1541; x_wconf 85' lang='lat' dir='ltr'><strong>pro</strong></span> <span class='ocrx_word' id='word_1_130' title='bbox 543 1475 636 1540; x_wconf 73' lang='lat' dir='ltr'><strong>glossa</strong></span> <span class='ocrx_word' id='word_1_131' title='bbox 659 1491 713 1524; x_wconf 88' lang='lat' dir='ltr'><strong>non</strong></span> <span class='ocrx_word' id='word_1_132' title='bbox 737 1475 893 1535; x_wconf 80' lang='lat' dir='ltr'><strong>habeatur,</strong></span> <span class='ocrx_word' id='word_1_133' title='bbox 911 1475 967 1525; x_wconf 77' lang='lat' dir='ltr'><strong>&#39;sed</strong></span> <span class='ocrx_word' id='word_1_134' title='bbox 979 1475 1040 1544; x_wconf 82' lang='lat' dir='ltr'><strong>jam</strong></span> <span class='ocrx_word' id='word_1_135' title='bbox 1058 1473 1118 1524; x_wconf 79' lang='lat' dir='ltr'><strong>leae.</strong></span> 
     </span>
    </p>

    <p class='ocr_par' dir='ltr' id='par_1_13' title="bbox 44 1543 1214 1616">
     <span class='ocr_line' id='line_1_16' title="bbox 44 1543 1214 1616; baseline -0.002 -21"><span class='ocrx_word' id='word_1_136' title='bbox 44 1547 75 1597; x_wconf 78' lang='lat' dir='ltr'><strong>lle</strong></span> <span class='ocrx_word' id='word_1_137' title='bbox 87 1547 278 1616; x_wconf 82' lang='lat' dir='ltr'><strong>permutatione</strong></span> <span class='ocrx_word' id='word_1_138' title='bbox 297 1547 369 1603; x_wconf 79' lang='lat' dir='ltr'><strong>ista,</strong></span> <span class='ocrx_word' id='word_1_139' title='bbox 398 1562 431 1595; x_wconf 79' lang='lat' dir='ltr'><strong>er</strong></span> <span class='ocrx_word' id='word_1_140' title='bbox 453 1543 594 1594; x_wconf 86' lang='lat' dir='ltr'><strong>scribendi</strong></span> <span class='ocrx_word' id='word_1_141' title='bbox 619 1548 782 1613; x_wconf 84' lang='lat' dir='ltr'><strong>compendio</strong></span> <span class='ocrx_word' id='word_1_142' title='bbox 800 1554 878 1605; x_wconf 82' lang='lat' dir='ltr'><strong>orta,</strong></span> <span class='ocrx_word' id='word_1_143' title='bbox 907 1563 932 1598; x_wconf 85' lang='lat' dir='ltr'><strong>v.</strong></span> <span class='ocrx_word' id='word_1_144' title='bbox 958 1545 1069 1611; x_wconf 68' lang='lat' dir='ltr'><strong>not.;ja&#39;d</strong></span> <span class='ocrx_word' id='word_1_145' title='bbox 1085 1543 1120 1593; x_wconf 93' lang='grc' dir='ltr'>Π</span> <span class='ocrx_word' id='word_1_146' title='bbox 1211 1543 1214 1554; x_wconf 95' lang='grc'><strong>’</strong></span> 
     </span>
    </p>

    <p class='ocr_par' dir='ltr' id='par_1_14' title="bbox 46 1605 1118 1686">
     <span class='ocr_line' id='line_1_17' title="bbox 46 1605 1118 1686; baseline -0.001 -20"><span class='ocrx_word' id='word_1_147' title='bbox 46 1615 91 1669; x_wconf 81' lang='lat' dir='ltr'><strong>Cat.</strong></span> <span class='ocrx_word' id='word_1_148' title='bbox 105 1625 167 1668; x_wconf 83' lang='lat' dir='ltr'><strong>extr.</strong></span> <span class='ocrx_word' id='word_1_149' title='bbox 185 1645 216 1656; x_wconf 93' lang='lat'><strong>-·</strong></span> <span class='ocrx_word' id='word_1_150' title='bbox 249 1617 340 1686; x_wconf 86' lang='lat' dir='ltr'><strong>prima</strong></span> <span class='ocrx_word' id='word_1_151' title='bbox 362 1613 455 1684; x_wconf 70' lang='lat' dir='ltr'><strong>faerit.</strong></span> <span class='ocrx_word' id='word_1_152' title='bbox 491 1615 538 1664; x_wconf 90' lang='lat' dir='ltr'><strong>Ita</strong></span> <span class='ocrx_word' id='word_1_153' title='bbox 560 1615 664 1682; x_wconf 75' lang='lat' dir='ltr'><strong>legitur</strong></span> <span class='ocrx_word' id='word_1_154' title='bbox 682 1617 710 1665; x_wconf 88' lang='lat' dir='ltr'><strong>in</strong></span> <span class='ocrx_word' id='word_1_155' title='bbox 727 1617 809 1667; x_wconf 80' lang='lat' dir='ltr'><strong>Pare.</strong></span> <span class='ocrx_word' id='word_1_156' title='bbox 827 1618 854 1668; x_wconf 81' lang='lat'><strong>5.</strong></span> <span class='ocrx_word' id='word_1_157' title='bbox 872 1616 900 1667; x_wconf 83' lang='lat'><strong>8.</strong></span> <span class='ocrx_word' id='word_1_158' title='bbox 918 1616 946 1667; x_wconf 78' lang='lat'><strong>9.</strong></span> <span class='ocrx_word' id='word_1_159' title='bbox 965 1605 1031 1669; x_wconf 53' lang='lat' dir='ltr'><strong>cel.</strong></span> <span class='ocrx_word' id='word_1_160' title='bbox 1052 1621 1118 1667; x_wconf 75' lang='lat' dir='ltr'><strong>text.</strong></span> 
     </span>
    </p>

    <p class='ocr_par' dir='ltr' id='par_1_15' title="bbox 46 1684 1230 1754">
     <span class='ocr_line' id='line_1_18' title="bbox 46 1684 1230 1754; baseline -0.001 -18"><span class='ocrx_word' id='word_1_161' title='bbox 46 1687 76 1737; x_wconf 84' lang='lat' dir='ltr'><strong>ad.</strong></span> <span class='ocrx_word' id='word_1_162' title='bbox 93 1688 213 1740; x_wconf 82' lang='lat' dir='ltr'><strong>Romana.</strong></span> <span class='ocrx_word' id='word_1_163' title='bbox 250 1689 293 1740; x_wconf 83' lang='lat' dir='ltr'><strong>At</strong></span> <span class='ocrx_word' id='word_1_164' title='bbox 314 1685 449 1754; x_wconf 78' lang='lat' dir='ltr'><strong>Archicp.</strong></span> <span class='ocrx_word' id='word_1_165' title='bbox 465 1684 527 1738; x_wconf 82' lang='lat' dir='ltr'><strong>Em.</strong></span> <span class='ocrx_word' id='word_1_166' title='bbox 546 1686 573 1736; x_wconf 78' lang='lat' dir='ltr'><strong>d.</strong></span> <span class='ocrx_word' id='word_1_167' title='bbox 588 1704 675 1754; x_wconf 76' lang='lat' dir='ltr'><strong>marg.</strong></span> <span class='ocrx_word' id='word_1_168' title='bbox 701 1705 762 1738; x_wconf 86' lang='lat' dir='ltr'><strong>curn</strong></span> <span class='ocrx_word' id='word_1_169' title='bbox 779 1694 845 1740; x_wconf 89' lang='lat' dir='ltr'><strong>cett.</strong></span> <span class='ocrx_word' id='word_1_170' title='bbox 861 1688 942 1738; x_wconf 84' lang='lat' dir='ltr'><strong>Parr.</strong></span> <span class='ocrx_word' id='word_1_171' title='bbox 959 1687 1032 1742; x_wconf 60' lang='grc' dir='ltr'><strong>(Νι.</strong></span> <span class='ocrx_word' id='word_1_172' title='bbox 1056 1685 1119 1740; x_wconf 86' lang='lat' dir='ltr'><strong>edd.</strong></span> <span class='ocrx_word' id='word_1_173' title='bbox 1226 1743 1230 1752; x_wconf 33' lang='grc'><strong><em>1</em></strong></span> 
     </span>
    </p>

    <p class='ocr_par' dir='ltr' id='par_1_16' title="bbox 35 1755 966 1826">
     <span class='ocr_line' id='line_1_19' title="bbox 35 1755 966 1826; baseline -0.001 -20"><span class='ocrx_word' id='word_1_174' title='bbox 35 1757 110 1822; x_wconf 66' lang='grc' dir='ltr'><strong>λιιι.</strong></span> <span class='ocrx_word' id='word_1_175' title='bbox 123 1759 222 1813; x_wconf 74' lang='lat' dir='ltr'><strong>habent,</strong></span> <span class='ocrx_word' id='word_1_176' title='bbox 232 1758 324 1826; x_wconf 80' lang='lat' dir='ltr'><strong>prima</strong></span> <span class='ocrx_word' id='word_1_177' title='bbox 341 1755 403 1824; x_wconf 73' lang='lat' dir='ltr'><strong>fait.</strong></span> <span class='ocrx_word' id='word_1_178' title='bbox 963 1767 966 1780; x_wconf 88' lang='lat'><strong><em>¹</em></strong></span> 
     </span>
    </p>

    <p class='ocr_par' dir='ltr' id='par_1_17' title="bbox 47 1825 1194 2394">
     <span class='ocr_line' id='line_1_20' title="bbox 87 1825 1120 1894; baseline -0.002 -16"><span class='ocrx_word' id='word_1_179' title='bbox 87 1829 113 1890; x_wconf 87' lang='lat' dir='ltr'><strong>Q.</strong></span> <span class='ocrx_word' id='word_1_180' title='bbox 128 1827 263 1880; x_wconf 79' lang='lat' dir='ltr'><strong>Caecilius</strong></span> <span class='ocrx_word' id='word_1_181' title='bbox 281 1827 425 1885; x_wconf 81' lang='lat' dir='ltr'><strong>Metellus,</strong></span> <span class='ocrx_word' id='word_1_182' title='bbox 455 1826 550 1878; x_wconf 89' lang='lat' dir='ltr'><strong>consul</strong></span> <span class='ocrx_word' id='word_1_183' title='bbox 566 1844 627 1878; x_wconf 87' lang='lat' dir='ltr'><strong>cura</strong></span> <span class='ocrx_word' id='word_1_184' title='bbox 642 1825 682 1878; x_wconf 83' lang='lat' dir='ltr'><strong>M.</strong></span> <span class='ocrx_word' id='word_1_185' title='bbox 699 1826 785 1877; x_wconf 84' lang='lat' dir='ltr'><strong>Junio</strong></span> <span class='ocrx_word' id='word_1_186' title='bbox 802 1829 900 1879; x_wconf 84' lang='lat' dir='ltr'><strong>Silano</strong></span> <span class='ocrx_word' id='word_1_187' title='bbox 917 1847 945 1894; x_wconf 82' lang='lat' dir='ltr'><strong>a.¹</strong></span> <span class='ocrx_word' id='word_1_188' title='bbox 958 1845 984 1879; x_wconf 93' lang='lat' dir='ltr'><strong>u.</strong></span> <span class='ocrx_word' id='word_1_189' title='bbox 1005 1845 1028 1879; x_wconf 94' lang='lat' dir='ltr'><strong>c.</strong></span> <span class='ocrx_word' id='word_1_190' title='bbox 1048 1825 1120 1886; x_wconf 64' lang='lat'><strong>645,-</strong></span> 
     </span>
     <span class='ocr_line' id='line_1_21' title="bbox 49 1896 1194 1966; baseline 0 -18"><span class='ocrx_word' id='word_1_191' title='bbox 49 1899 78 1948; x_wconf 78' lang='lat' dir='ltr'><strong>rir</strong></span> <span class='ocrx_word' id='word_1_192' title='bbox 94 1918 147 1952; x_wconf 85' lang='lat' dir='ltr'><strong>acer</strong></span> <span class='ocrx_word' id='word_1_193' title='bbox 169 1907 198 1953; x_wconf 87' lang='lat' dir='ltr'><strong>et</strong></span> <span class='ocrx_word' id='word_1_194' title='bbox 219 1899 293 1950; x_wconf 84' lang='lat' dir='ltr'><strong>nulli</strong></span> <span class='ocrx_word' id='word_1_195' title='bbox 316 1899 452 1950; x_wconf 84' lang='lat' dir='ltr'><strong>secundus</strong></span> <span class='ocrx_word' id='word_1_196' title='bbox 476 1897 580 1948; x_wconf 85' lang='lat' dir='ltr'><strong>saeculi</strong></span> <span class='ocrx_word' id='word_1_197' title='bbox 606 1896 656 1948; x_wconf 83' lang='lat' dir='ltr'><strong>sui.</strong></span> <span class='ocrx_word' id='word_1_198' title='bbox 695 1896 874 1950; x_wconf 76' lang='lat' dir='ltr'><strong>Clarissimus</strong></span> <span class='ocrx_word' id='word_1_199' title='bbox 890 1899 944 1950; x_wconf 78' lang='lat' dir='ltr'><strong>fuit</strong></span> <span class='ocrx_word' id='word_1_200' title='bbox 965 1897 1121 1966; x_wconf 85' lang='lat' dir='ltr'><strong>triumphus</strong></span> <span class='ocrx_word' id='word_1_201' title='bbox 1192 1910 1194 1925; x_wconf 86' lang='lat'><strong>¹</strong></span> 
     </span>
     <span class='ocr_line' id='line_1_22' title="bbox 53 1967 1123 2108; baseline 0.003 -22"><span class='ocrx_word' id='word_1_202' title='bbox 53 1967 1123 2108; x_wconf 54' lang='lat' dir='ltr'><strong>:ttitti&amp;.:titttttttttlttlitttttttt...ltt⁸.t</strong></span> 
     </span>
     <span class='ocr_line' id='line_1_23' title="bbox 53 2111 1123 2180; baseline 0.001 -22"><span class='ocrx_word' id='word_1_203' title='bbox 53 2114 73 2159; x_wconf 89' lang='lat' dir='ltr'><strong>et</strong></span> <span class='ocrx_word' id='word_1_204' title='bbox 83 2111 211 2180; x_wconf 77' lang='lat' dir='ltr'><strong>Apuleium</strong></span> <span class='ocrx_word' id='word_1_205' title='bbox 227 2111 374 2163; x_wconf 81' lang='lat' dir='ltr'><strong>tribunatu</strong></span> <span class='ocrx_word' id='word_1_206' title='bbox 392 2111 550 2162; x_wconf 80' lang='lat' dir='ltr'><strong>defunctum</strong></span> <span class='ocrx_word' id='word_1_207' title='bbox 570 2119 666 2164; x_wconf 87' lang='lat' dir='ltr'><strong>senatu</strong></span> <span class='ocrx_word' id='word_1_208' title='bbox 688 2128 800 2163; x_wconf 85' lang='lat' dir='ltr'><strong>movere</strong></span> <span class='ocrx_word' id='word_1_209' title='bbox 820 2119 933 2163; x_wconf 87' lang='lat' dir='ltr'><strong>conatos</strong></span> <span class='ocrx_word' id='word_1_210' title='bbox 953 2117 1043 2170; x_wconf 85' lang='lat' dir='ltr'><strong>esset,</strong></span> <span class='ocrx_word' id='word_1_211' title='bbox 1072 2111 1123 2160; x_wconf 84' lang='lat' dir='ltr'><strong>sed</strong></span> 
     </span>
     <span class='ocr_line' id='line_1_24' title="bbox 50 2181 1123 2250; baseline 0.002 -22"><span class='ocrx_word' id='word_1_212' title='bbox 50 2182 152 2235; x_wconf 82' lang='lat' dir='ltr'><strong>renitente</strong></span> <span class='ocrx_word' id='word_1_213' title='bbox 174 2183 289 2250; x_wconf 80' lang='lat' dir='ltr'><strong>college</strong></span> <span class='ocrx_word' id='word_1_214' title='bbox 306 2181 376 2232; x_wconf 87' lang='lat' dir='ltr'><strong>nihil</strong></span> <span class='ocrx_word' id='word_1_215' title='bbox 391 2181 547 2241; x_wconf 83' lang='lat' dir='ltr'><strong>effecisset,</strong></span> <span class='ocrx_word' id='word_1_216' title='bbox 574 2182 670 2249; x_wconf 79' lang='lat' dir='ltr'><strong>paullo</strong></span> <span class='ocrx_word' id='word_1_217' title='bbox 695 2189 759 2250; x_wconf 88' lang='lat' dir='ltr'><strong>post</strong></span> <span class='ocrx_word' id='word_1_218' title='bbox 781 2183 816 2234; x_wconf 84' lang='lat' dir='ltr'><strong>ab</strong></span> <span class='ocrx_word' id='word_1_219' title='bbox 834 2184 932 2234; x_wconf 84' lang='lat' dir='ltr'><strong>iisdem</strong></span> <span class='ocrx_word' id='word_1_220' title='bbox 949 2183 977 2232; x_wconf 93' lang='lat' dir='ltr'><strong>in</strong></span> <span class='ocrx_word' id='word_1_221' title='bbox 996 2182 1123 2234; x_wconf 85' lang='lat' dir='ltr'><strong>exsilium</strong></span> 
     </span>
     <span class='ocr_line' id='line_1_25' title="bbox 49 2251 1123 2328; baseline -0.002 -24"><span class='ocrx_word' id='word_1_222' title='bbox 49 2257 102 2304; x_wconf 77' lang='lat' dir='ltr'><strong>setus</strong></span> <span class='ocrx_word' id='word_1_223' title='bbox 119 2261 171 2314; x_wconf 86' lang='lat' dir='ltr'><strong>est,</strong></span> <span class='ocrx_word' id='word_1_224' title='bbox 200 2254 380 2322; x_wconf 72' lang='lat' dir='ltr'><strong>conspirante</strong></span> <span class='ocrx_word' id='word_1_225' title='bbox 405 2270 465 2304; x_wconf 79' lang='lat' dir='ltr'><strong>cuns</strong></span> <span class='ocrx_word' id='word_1_226' title='bbox 489 2252 607 2303; x_wconf 88' lang='lat' dir='ltr'><strong>inimicis</strong></span> <span class='ocrx_word' id='word_1_227' title='bbox 633 2254 691 2328; x_wconf 84' lang='lat' dir='ltr'><strong>ejas</strong></span> <span class='ocrx_word' id='word_1_228' title='bbox 710 2251 744 2304; x_wconf 85' lang='lat' dir='ltr'><strong>G.</strong></span> <span class='ocrx_word' id='word_1_229' title='bbox 758 2253 855 2304; x_wconf 81' lang='lat' dir='ltr'><strong>Mario</strong></span> <span class='ocrx_word' id='word_1_230' title='bbox 878 2261 984 2305; x_wconf 80' lang='lat' dir='ltr'><strong>sextum</strong></span> <span class='ocrx_word' id='word_1_231' title='bbox 1008 2252 1123 2305; x_wconf 84' lang='lat' dir='ltr'><strong>consule</strong></span> 
     </span>
     <span class='ocr_line' id='line_1_26' title="bbox 47 2321 1123 2394; baseline 0.002 -24"><span class='ocrx_word' id='word_1_232' title='bbox 47 2337 64 2370; x_wconf 82' lang='lat' dir='ltr'><strong>a</strong></span> <span class='ocrx_word' id='word_1_233' title='bbox 76 2341 95 2374; x_wconf 93' lang='lat' dir='ltr'><strong>u.</strong></span> <span class='ocrx_word' id='word_1_234' title='bbox 109 2343 129 2376; x_wconf 93' lang='lat' dir='ltr'><strong>c.</strong></span> <span class='ocrx_word' id='word_1_235' title='bbox 142 2323 210 2378; x_wconf 74' lang='grc'><strong>654.</strong></span> <span class='ocrx_word' id='word_1_236' title='bbox 231 2325 310 2392; x_wconf 81' lang='lat' dir='ltr'><strong>App.</strong></span> <span class='ocrx_word' id='word_1_237' title='bbox 331 2323 392 2376; x_wconf 81' lang='lat' dir='ltr'><strong>civ.</strong></span> <span class='ocrx_word' id='word_1_238' title='bbox 409 2321 428 2372; x_wconf 87' lang='grc' dir='ltr'>Ι</span> <span class='ocrx_word' id='word_1_239' title='bbox 441 2321 566 2374; x_wconf 71' lang='lat' dir='ltr'><strong>stt-51.</strong></span> <span class='ocrx_word' id='word_1_240' title='bbox 596 2322 657 2394; x_wconf 84' lang='lat' dir='ltr'><strong>Cic.</strong></span> <span class='ocrx_word' id='word_1_241' title='bbox 675 2342 703 2392; x_wconf 92' lang='lat' dir='ltr'><strong>p.</strong></span> <span class='ocrx_word' id='word_1_242' title='bbox 720 2324 818 2375; x_wconf 82' lang='lat' dir='ltr'><strong>Sextio</strong></span> <span class='ocrx_word' id='word_1_243' title='bbox 834 2323 881 2376; x_wconf 77' lang='lat' dir='ltr'><strong>tc.</strong></span> <span class='ocrx_word' id='word_1_244' title='bbox 910 2325 980 2376; x_wconf 86' lang='lat' dir='ltr'><strong>Sall.</strong></span> <span class='ocrx_word' id='word_1_245' title='bbox 991 2324 1058 2392; x_wconf 81' lang='lat' dir='ltr'><strong>Jug.</strong></span> <span class='ocrx_word' id='word_1_246' title='bbox 1072 2321 1123 2374; x_wconf 72' lang='lat'><strong>45.</strong></span> 
     </span>
    </p>

    <p class='ocr_par' dir='ltr' id='par_1_18' title="bbox 42 2392 1174 3238">
     <span class='ocr_line' id='line_1_27' title="bbox 84 2392 1124 2469; baseline 0.003 -24"><span class='ocrx_word' id='word_1_247' title='bbox 84 2395 124 2445; x_wconf 82' lang='lat' dir='ltr'><strong>Pio</strong></span> <span class='ocrx_word' id='word_1_248' title='bbox 138 2396 204 2468; x_wconf 75' lang='lat' dir='ltr'><strong>filio.</strong></span> <span class='ocrx_word' id='word_1_249' title='bbox 232 2396 310 2466; x_wconf 87' lang='lat' dir='ltr'><strong>App.</strong></span> <span class='ocrx_word' id='word_1_250' title='bbox 331 2393 392 2446; x_wconf 83' lang='lat' dir='ltr'><strong>civ.</strong></span> <span class='ocrx_word' id='word_1_251' title='bbox 410 2392 503 2445; x_wconf 63' lang='lat'><strong>1‘552</strong></span> <span class='ocrx_word' id='word_1_252' title='bbox 531 2392 763 2469; x_wconf 68' lang='grc' dir='ltr'><strong>Ἀναιροθέντωυ</strong></span> <span class='ocrx_word' id='word_1_253' title='bbox 776 2401 835 2452; x_wconf 75' lang='grc' dir='ltr'><strong>τῶν</strong></span> <span class='ocrx_word' id='word_1_254' title='bbox 851 2399 929 2469; x_wconf 78' lang='grc' dir='ltr'><strong>ἀμφὶ</strong></span> <span class='ocrx_word' id='word_1_255' title='bbox 947 2402 1001 2452; x_wconf 77' lang='grc' dir='ltr'><strong>τὸν</strong></span> <span class='ocrx_word' id='word_1_256' title='bbox 1015 2393 1124 2450; x_wconf 77' lang='lat' dir='ltr'><strong>&#39;Acca-</strong></span> 
     </span>
     <span class='ocr_line' id='line_1_28' title="bbox 45 2455 1124 2541; baseline 0.001 -25"><span class='ocrx_word' id='word_1_257' title='bbox 45 2457 110 2526; x_wconf 76' lang='grc' dir='ltr'><strong>λήϊον</strong></span> <span class='ocrx_word' id='word_1_258' title='bbox 137 2465 335 2541; x_wconf 58' lang='lat' dir='ltr'><strong>apinianici</strong></span> <span class='ocrx_word' id='word_1_259' title='bbox 351 2470 403 2520; x_wconf 78' lang='grc' dir='ltr'><strong>καὶ</strong></span> <span class='ocrx_word' id='word_1_260' title='bbox 416 2455 541 2536; x_wconf 65' lang='lat' dir='ltr'><strong>&lt;ticinae</strong></span> <span class='ocrx_word' id='word_1_261' title='bbox 555 2467 743 2536; x_wconf 58' lang='grc' dir='ltr'><strong>ἐκεκράγεσαν</strong></span> <span class='ocrx_word' id='word_1_262' title='bbox 759 2467 950 2522; x_wconf 76' lang='grc' dir='ltr'>κατακαλεῖν</span> <span class='ocrx_word' id='word_1_263' title='bbox 960 2464 1124 2522; x_wconf 78' lang='grc' dir='ltr'><strong>Μέτελλον.</strong></span> 
     </span>
     <span class='ocr_line' id='line_1_29' title="bbox 44 2510 1144 2661; baseline 0.004 -75"><span class='ocrx_word' id='word_1_264' title='bbox 44 2510 167 2603; x_wconf 75' lang='grc' dir='ltr'><strong>Πούπλιος</strong></span> <span class='ocrx_word' id='word_1_265' title='bbox 185 2537 216 2592; x_wconf 75' lang='grc' dir='ltr'><strong>δὲ</strong></span> <span class='ocrx_word' id='word_1_266' title='bbox 236 2533 367 2612; x_wconf 73' lang='grc' dir='ltr'><strong>Φούριος</strong></span> <span class='ocrx_word' id='word_1_267' title='bbox 385 2532 540 2661; x_wconf 53' lang='grc' dir='ltr'><strong>δὴμαῖχοζ</strong></span> <span class='ocrx_word' id='word_1_268' title='bbox 560 2562 592 2572; x_wconf 85' lang='grc'>-</span> <span class='ocrx_word' id='word_1_269' title='bbox 614 2537 744 2609; x_wconf 64' lang='grc' dir='ltr'><strong><em>θρασέως</em></strong></span> <span class='ocrx_word' id='word_1_270' title='bbox 762 2537 900 2593; x_wconf 77' lang='grc' dir='ltr'><strong><em>ἐνίστατο</em></strong></span> <span class='ocrx_word' id='word_1_271' title='bbox 922 2539 1046 2602; x_wconf 78' lang='grc' dir='ltr'><strong>αὐτοῖς·</strong></span> <span class='ocrx_word' id='word_1_272' title='bbox 1068 2539 1144 2590; x_wconf 51' lang='grc' dir='ltr'><strong>’καὶΧ</strong></span> 
     </span>
     <span class='ocr_line' id='line_1_30' title="bbox 45 2601 1126 2680; baseline 0.004 -24"><span class='ocrx_word' id='word_1_273' title='bbox 45 2601 288 2680; x_wconf 67' lang='lat' dir='ltr'><strong>attenuatos,</strong></span> <span class='ocrx_word' id='word_1_274' title='bbox 314 2611 372 2662; x_wconf 86' lang='grc' dir='ltr'><strong>τοῦ</strong></span> <span class='ocrx_word' id='word_1_275' title='bbox 388 2608 468 2660; x_wconf 81' lang='grc' dir='ltr'><strong>Μοτέ</strong></span> <span class='ocrx_word' id='word_1_276' title='bbox 489 2605 545 2660; x_wconf 91' lang='grc' dir='ltr'><strong>λου</strong></span> <span class='ocrx_word' id='word_1_277' title='bbox 561 2604 668 2671; x_wconf 74' lang='grc' dir='ltr'>παιδὸς</span> <span class='ocrx_word' id='word_1_278' title='bbox 687 2609 872 2675; x_wconf 74' lang='grc' dir='ltr'><strong>ἱκετεύοντος</strong></span> <span class='ocrx_word' id='word_1_279' title='bbox 890 2609 986 2664; x_wconf 61' lang='lat' dir='ltr'><strong>aaron</strong></span> <span class='ocrx_word' id='word_1_280' title='bbox 1005 2611 1034 2662; x_wconf 74' lang='grc' dir='ltr'><strong>ἐν</strong></span> <span class='ocrx_word' id='word_1_281' title='bbox 1058 2605 1126 2674; x_wconf 75' lang='grc' dir='ltr'><strong>ὄψει</strong></span> 
     </span>
     <span class='ocr_line' id='line_1_31' title="bbox 45 2673 1124 2750; baseline 0.005 -25"><span class='ocrx_word' id='word_1_282' title='bbox 45 2681 85 2727; x_wconf 85' lang='grc' dir='ltr'><strong>τοῦ</strong></span> <span class='ocrx_word' id='word_1_283' title='bbox 100 2673 192 2749; x_wconf 72' lang='grc' dir='ltr'><strong>δήμου</strong></span> <span class='ocrx_word' id='word_1_284' title='bbox 240 2681 294 2731; x_wconf 82' lang='grc' dir='ltr'><strong>καὶ</strong></span> <span class='ocrx_word' id='word_1_285' title='bbox 314 2674 517 2750; x_wconf 77' lang='grc' dir='ltr'>δακρύοντος,</span> <span class='ocrx_word' id='word_1_286' title='bbox 545 2679 679 2744; x_wconf 79' lang='grc' dir='ltr'><strong>καὶτοῖς</strong></span> <span class='ocrx_word' id='word_1_287' title='bbox 699 2682 768 2732; x_wconf 74' lang='lat' dir='ltr'><strong>anai</strong></span> <span class='ocrx_word' id='word_1_288' title='bbox 785 2679 1037 2750; x_wconf 68' lang='grc' dir='ltr'><strong>προσπίπτοντος,</strong></span> <span class='ocrx_word' id='word_1_289' title='bbox 1067 2680 1124 2732; x_wconf 79' lang='lat' dir='ltr'><strong>s&#39;as-</strong></span> 
     </span>
     <span class='ocr_line' id='line_1_32' title="bbox 45 2721 1124 2820; baseline 0.009 -28"><span class='ocrx_word' id='word_1_290' title='bbox 45 2739 144 2812; x_wconf 64' lang='grc' dir='ltr'>ιλὰοὲη·</span> <span class='ocrx_word' id='word_1_291' title='bbox 186 2721 274 2804; x_wconf 59' lang='grc' dir='ltr'><strong>’Ἀλλ’</strong></span> <span class='ocrx_word' id='word_1_292' title='bbox 296 2749 313 2802; x_wconf 88' lang='grc' dir='ltr'><strong>ὁ</strong></span> <span class='ocrx_word' id='word_1_293' title='bbox 340 2751 394 2820; x_wconf 73' lang='grc' dir='ltr'><strong>μὲν</strong></span> <span class='ocrx_word' id='word_1_294' title='bbox 420 2755 491 2811; x_wconf 80' lang='grc' dir='ltr'><strong>ταῖς</strong></span> <span class='ocrx_word' id='word_1_295' title='bbox 520 2747 550 2799; x_wconf 79' lang='lat' dir='ltr'><strong>s&#39;e</strong></span> <span class='ocrx_word' id='word_1_296' title='bbox 573 2745 662 2812; x_wconf 51' lang='lat' dir='ltr'><strong>*siais</strong></span> <span class='ocrx_word' id='word_1_297' title='bbox 685 2753 737 2814; x_wconf 78' lang='grc' dir='ltr'><strong>τῆς</strong></span> <span class='ocrx_word' id='word_1_298' title='bbox 762 2745 856 2817; x_wconf 75' lang='grc' dir='ltr'><strong>ὄψεως</strong></span> <span class='ocrx_word' id='word_1_299' title='bbox 877 2749 1007 2814; x_wconf 76' lang='grc' dir='ltr'><strong><em>Εὐσεβὴς</em></strong></span> <span class='ocrx_word' id='word_1_300' title='bbox 1037 2751 1063 2812; x_wconf 78' lang='grc' dir='ltr'><strong>ἐς</strong></span> <span class='ocrx_word' id='word_1_301' title='bbox 1087 2753 1124 2802; x_wconf 86' lang='grc' dir='ltr'><strong>τὸ</strong></span> 
     </span>
     <span class='ocr_line' id='line_1_33' title="bbox 44 2804 1137 2883; baseline 0.002 -19"><span class='ocrx_word' id='word_1_302' title='bbox 44 2804 121 2870; x_wconf 76' lang='lat' dir='ltr'><strong>iresca</strong></span> <span class='ocrx_word' id='word_1_303' title='bbox 134 2815 255 2883; x_wconf 70' lang='grc' dir='ltr'><strong>ἐκλήθη.</strong></span> <span class='ocrx_word' id='word_1_304' title='bbox 293 2835 317 2868; x_wconf 88' lang='lat' dir='ltr'><strong>a.</strong></span> <span class='ocrx_word' id='word_1_305' title='bbox 334 2835 361 2868; x_wconf 93' lang='lat' dir='ltr'><strong>u.</strong></span> <span class='ocrx_word' id='word_1_306' title='bbox 376 2833 399 2868; x_wconf 91' lang='lat' dir='ltr'><strong>c.</strong></span> <span class='ocrx_word' id='word_1_307' title='bbox 415 2813 485 2881; x_wconf 71' lang='lat' dir='ltr'><strong>ott».</strong></span> <span class='ocrx_word' id='word_1_308' title='bbox 505 2816 581 2868; x_wconf 84' lang='lat' dir='ltr'><strong>Veli.</strong></span> <span class='ocrx_word' id='word_1_309' title='bbox 600 2818 661 2868; x_wconf 85' lang='lat' dir='ltr'><strong>Pat.</strong></span> <span class='ocrx_word' id='word_1_310' title='bbox 677 2817 712 2868; x_wconf 91' lang='lat'><strong>11</strong></span> <span class='ocrx_word' id='word_1_311' title='bbox 731 2816 783 2869; x_wconf 72' lang='lat'><strong>15:</strong></span> <span class='ocrx_word' id='word_1_312' title='bbox 814 2820 848 2883; x_wconf 86' lang='lat' dir='ltr'><strong>Q.</strong></span> <span class='ocrx_word' id='word_1_313' title='bbox 865 2819 1011 2876; x_wconf 86' lang='lat' dir='ltr'><strong>Metellos,</strong></span> <span class='ocrx_word' id='word_1_314' title='bbox 1031 2818 1137 2866; x_wconf 79' lang='lat' dir='ltr'><strong>Numi--</strong></span> 
     </span>
     <span class='ocr_line' id='line_1_34' title="bbox 43 2880 1127 2959; baseline 0.004 -27"><span class='ocrx_word' id='word_1_315' title='bbox 43 2880 83 2932; x_wconf 76' lang='lat' dir='ltr'><strong>etet</strong></span> <span class='ocrx_word' id='word_1_316' title='bbox 94 2885 162 2956; x_wconf 62' lang='lat' dir='ltr'><strong>plicas</strong></span> <span class='ocrx_word' id='word_1_317' title='bbox 178 2917 210 2928; x_wconf 91' lang='lat'><em>-</em></span> <span class='ocrx_word' id='word_1_318' title='bbox 226 2889 348 2946; x_wconf 78' lang='lat' dir='ltr'><strong>meritam</strong></span> <span class='ocrx_word' id='word_1_319' title='bbox 364 2904 504 2958; x_wconf 71' lang='lat' dir='ltr'><strong>capnonsen</strong></span> <span class='ocrx_word' id='word_1_320' title='bbox 519 2885 566 2938; x_wconf 86' lang='lat' dir='ltr'><strong>Pii</strong></span> <span class='ocrx_word' id='word_1_321' title='bbox 583 2897 737 2940; x_wconf 70' lang='lat' dir='ltr'><strong>semenstres</strong></span> <span class='ocrx_word' id='word_1_322' title='bbox 753 2898 823 2942; x_wconf 81' lang='lat' dir='ltr'><strong>erat.</strong></span> <span class='ocrx_word' id='word_1_323' title='bbox 864 2889 968 2959; x_wconf 82' lang='lat' dir='ltr'><strong>Quippe</strong></span> <span class='ocrx_word' id='word_1_324' title='bbox 985 2888 1127 2957; x_wconf 74' lang='lat' dir='ltr'><strong>expalsnm&#39;</strong></span> 
     </span>
     <span class='ocr_line' id='line_1_35' title="bbox 43 2954 1159 3031; baseline 0.007 -31"><span class='ocrx_word' id='word_1_325' title='bbox 43 2954 131 3007; x_wconf 82' lang='lat' dir='ltr'><strong>civitate</strong></span> <span class='ocrx_word' id='word_1_326' title='bbox 147 2975 164 3007; x_wconf 89' lang='lat' dir='ltr'><strong>a</strong></span> <span class='ocrx_word' id='word_1_327' title='bbox 177 2958 212 3009; x_wconf 80' lang='lat' dir='ltr'><strong>L.</strong></span> <span class='ocrx_word' id='word_1_328' title='bbox 229 2957 378 3009; x_wconf 82' lang='lat' dir='ltr'><strong>Saturnino</strong></span> <span class='ocrx_word' id='word_1_329' title='bbox 398 2959 505 3009; x_wconf 81' lang='lat' dir='ltr'><strong>tribuno</strong></span> <span class='ocrx_word' id='word_1_330' title='bbox 520 2959 626 3027; x_wconf 81' lang='lat' dir='ltr'><strong>plebis,</strong></span> <span class='ocrx_word' id='word_1_331' title='bbox 653 2960 724 3026; x_wconf 79' lang='lat' dir='ltr'><strong>qaod</strong></span> <span class='ocrx_word' id='word_1_332' title='bbox 739 2961 812 3011; x_wconf 84' lang='lat' dir='ltr'><strong>solas</strong></span> <span class='ocrx_word' id='word_1_333' title='bbox 831 2963 859 3010; x_wconf 91' lang='lat' dir='ltr'><strong>in</strong></span> <span class='ocrx_word' id='word_1_334' title='bbox 875 2962 946 3031; x_wconf 69' lang='lat' dir='ltr'><strong>leqes</strong></span> <span class='ocrx_word' id='word_1_335' title='bbox 960 2961 1017 3029; x_wconf 78' lang='lat' dir='ltr'><strong>ejas</strong></span> <span class='ocrx_word' id='word_1_336' title='bbox 1026 2960 1125 3028; x_wconf 80' lang='lat' dir='ltr'><strong>jur-arc</strong></span> <span class='ocrx_word' id='word_1_337' title='bbox 1156 3008 1159 3017; x_wconf 63' lang='grc'>,</span> 
     </span>
     <span class='ocr_line' id='line_1_36' title="bbox 42 3024 1126 3101; baseline 0.007 -28"><span class='ocrx_word' id='word_1_338' title='bbox 42 3024 160 3087; x_wconf 81' lang='lat' dir='ltr'><strong>uoluerat,</strong></span> <span class='ocrx_word' id='word_1_339' title='bbox 190 3031 293 3098; x_wconf 83' lang='lat' dir='ltr'><strong>pietate</strong></span> <span class='ocrx_word' id='word_1_340' title='bbox 314 3045 381 3088; x_wconf 86' lang='lat' dir='ltr'><strong>saa,</strong></span> <span class='ocrx_word' id='word_1_341' title='bbox 413 3031 575 3086; x_wconf 79' lang='lat' dir='ltr'><strong>auctoritate</strong></span> <span class='ocrx_word' id='word_1_342' title='bbox 597 3039 723 3090; x_wconf 79' lang='lat' dir='ltr'><strong>serratas,</strong></span> <span class='ocrx_word' id='word_1_343' title='bbox 757 3049 885 3084; x_wconf 72' lang='lat' dir='ltr'><strong>ccraaesa</strong></span> <span class='ocrx_word' id='word_1_344' title='bbox 899 3032 992 3101; x_wconf 81' lang='lat' dir='ltr'><strong>papali</strong></span> <span class='ocrx_word' id='word_1_345' title='bbox 1009 3031 1126 3081; x_wconf 78' lang='lat' dir='ltr'><strong>Romani</strong></span> 
     </span>
     <span class='ocr_line' id='line_1_37' title="bbox 42 3099 1174 3238; baseline 0.006 -94"><span class='ocrx_word' id='word_1_346' title='bbox 42 3099 270 3238; x_wconf 51' lang='lat' dir='ltr'><strong>patiattfipeptgem.</strong></span> <span class='ocrx_word' id='word_1_347' title='bbox 307 3118 333 3152; x_wconf 83' lang='lat' dir='ltr'><strong>v.</strong></span> <span class='ocrx_word' id='word_1_348' title='bbox 356 3099 417 3152; x_wconf 83' lang='lat' dir='ltr'><strong>cie.</strong></span> <span class='ocrx_word' id='word_1_349' title='bbox 440 3107 513 3170; x_wconf 90' lang='lat' dir='ltr'><strong>post.</strong></span> <span class='ocrx_word' id='word_1_350' title='bbox 537 3103 597 3154; x_wconf 84' lang='lat' dir='ltr'><strong>red.</strong></span> <span class='ocrx_word' id='word_1_351' title='bbox 615 3103 644 3152; x_wconf 90' lang='lat' dir='ltr'><strong>iu</strong></span> <span class='ocrx_word' id='word_1_352' title='bbox 667 3119 724 3154; x_wconf 90' lang='lat' dir='ltr'><strong>seu.</strong></span> <span class='ocrx_word' id='word_1_353' title='bbox 740 3102 786 3154; x_wconf 75' lang='grc'><strong>15.</strong></span> <span class='ocrx_word' id='word_1_354' title='bbox 810 3111 838 3155; x_wconf 87' lang='lat' dir='ltr'><strong>et</strong></span> <span class='ocrx_word' id='word_1_355' title='bbox 848 3110 914 3170; x_wconf 75' lang='lat' dir='ltr'><strong>‘not</strong></span> <span class='ocrx_word' id='word_1_356' title='bbox 936 3104 972 3153; x_wconf 87' lang='lat' dir='ltr'><strong>ad</strong></span> <span class='ocrx_word' id='word_1_357' title='bbox 989 3119 1030 3153; x_wconf 91' lang='lat' dir='ltr'><strong>or.</strong></span> <span class='ocrx_word' id='word_1_358' title='bbox 1048 3120 1076 3170; x_wconf 91' lang='lat' dir='ltr'><strong>p.</strong></span> <span class='ocrx_word' id='word_1_359' title='bbox 1093 3101 1124 3151; x_wconf 82' lang='lat' dir='ltr'><strong>S.</strong></span> <span class='ocrx_word' id='word_1_360' title='bbox 1171 3118 1174 3123; x_wconf 92' lang='lat'>·</span> 
     </span>
    </p>

    <p class='ocr_par' dir='ltr' id='par_1_19' title="bbox 62 3182 1125 3238">
     <span class='ocr_line' id='line_1_38' title="bbox 62 3182 1125 3238; baseline 0.004 -24"><span class='ocrx_word' id='word_1_361' title='bbox 62 3182 125 3218; x_wconf 84' lang='lat' dir='ltr'><strong>oscro</strong></span> <span class='ocrx_word' id='word_1_362' title='bbox 157 3207 163 3219; x_wconf 92' lang='lat'><strong>.</strong></span> <span class='ocrx_word' id='word_1_363' title='bbox 221 3209 229 3222; x_wconf 84' lang='lat'><strong>.</strong></span> <span class='ocrx_word' id='word_1_364' title='bbox 274 3211 288 3236; x_wconf 47' lang='lat'><strong>.,</strong></span> <span class='ocrx_word' id='word_1_365' title='bbox 556 3206 558 3209; x_wconf 85' lang='lat'>-</span> <span class='ocrx_word' id='word_1_366' title='bbox 774 3201 778 3212; x_wconf 52' lang='grc' dir='ltr'>ι</span> <span class='ocrx_word' id='word_1_367' title='bbox 907 3197 909 3200; x_wconf 95' lang='grc'>-</span> <span class='ocrx_word' id='word_1_368' title='bbox 949 3226 954 3238; x_wconf 81' lang='lat'><strong>.</strong></span> <span class='ocrx_word' id='word_1_369' title='bbox 1114 3185 1125 3196; x_wconf 71' lang='lat'>·</span> 
     </span>
    </p>

    <p class='ocr_par' dir='ltr' id='par_1_20' title="bbox 42 3238 1225 3737">
     <span class='ocr_line' id='line_1_39' title="bbox 81 3238 1127 3302; baseline 0.007 -16"><span class='ocrx_word' id='word_1_370' title='bbox 81 3238 117 3289; x_wconf 75' lang='lat' dir='ltr'><strong>M.</strong></span> <span class='ocrx_word' id='word_1_371' title='bbox 130 3240 264 3292; x_wconf 76' lang='lat' dir='ltr'><strong>Aemilius</strong></span> <span class='ocrx_word' id='word_1_372' title='bbox 282 3239 419 3299; x_wconf 71' lang='lat' dir='ltr'><strong>Scaanu,</strong></span> <span class='ocrx_word' id='word_1_373' title='bbox 439 3242 535 3293; x_wconf 91' lang='lat' dir='ltr'><strong>consul</strong></span> <span class='ocrx_word' id='word_1_374' title='bbox 551 3261 574 3293; x_wconf 84' lang='lat' dir='ltr'><strong>a.</strong></span> <span class='ocrx_word' id='word_1_375' title='bbox 591 3240 653 3293; x_wconf 71' lang='lat'><strong>659</strong></span> <span class='ocrx_word' id='word_1_376' title='bbox 670 3261 731 3294; x_wconf 88' lang='lat' dir='ltr'><strong>cum</strong></span> <span class='ocrx_word' id='word_1_377' title='bbox 747 3243 786 3294; x_wconf 78' lang='lat' dir='ltr'><strong>M.</strong></span> <span class='ocrx_word' id='word_1_378' title='bbox 803 3242 931 3295; x_wconf 80' lang='lat' dir='ltr'><strong>Caecilio</strong></span> <span class='ocrx_word' id='word_1_379' title='bbox 948 3243 1077 3302; x_wconf 81' lang='lat' dir='ltr'><strong>Metello,</strong></span> <span class='ocrx_word' id='word_1_380' title='bbox 1098 3248 1127 3293; x_wconf 89' lang='lat' dir='ltr'><strong>ct</strong></span> 
     </span>
     <span class='ocr_line' id='line_1_40' title="bbox 43 3303 1126 3384; baseline 0.009 -30"><span class='ocrx_word' id='word_1_381' title='bbox 43 3303 123 3358; x_wconf 86' lang='lat' dir='ltr'><strong>iterum</strong></span> <span class='ocrx_word' id='word_1_382' title='bbox 145 3328 168 3360; x_wconf 83' lang='lat' dir='ltr'><strong>a.</strong></span> <span class='ocrx_word' id='word_1_383' title='bbox 189 3310 269 3372; x_wconf 73' lang='lat'><strong>647,</strong></span> <span class='ocrx_word' id='word_1_384' title='bbox 296 3312 427 3381; x_wconf 89' lang='lat' dir='ltr'><strong>princeps</strong></span> <span class='ocrx_word' id='word_1_385' title='bbox 450 3319 579 3372; x_wconf 81' lang='lat' dir='ltr'><strong>senatus,</strong></span> <span class='ocrx_word' id='word_1_386' title='bbox 605 3314 649 3364; x_wconf 80' lang='lat' dir='ltr'><strong>vir</strong></span> <span class='ocrx_word' id='word_1_387' title='bbox 671 3315 809 3382; x_wconf 78' lang='lat' dir='ltr'><strong>regendae</strong></span> <span class='ocrx_word' id='word_1_388' title='bbox 835 3315 906 3384; x_wconf 85' lang='lat' dir='ltr'><strong>rei‘p.</strong></span> <span class='ocrx_word' id='word_1_389' title='bbox 928 3315 1126 3366; x_wconf 86' lang='lat' dir='ltr'><strong>scientissimus</strong></span> 
     </span>
     <span class='ocr_line' id='line_1_41' title="bbox 43 3373 1126 3452; baseline 0.006 -24"><span class='ocrx_word' id='word_1_390' title='bbox 43 3373 122 3440; x_wconf 76' lang='lat' dir='ltr'><strong>[litat.</strong></span> <span class='ocrx_word' id='word_1_391' title='bbox 136 3379 160 3432; x_wconf 91' lang='lat'><strong>1.</strong></span> <span class='ocrx_word' id='word_1_392' title='bbox 179 3383 202 3450; x_wconf 67' lang='grc'><strong>5.</strong></span> <span class='ocrx_word' id='word_1_393' title='bbox 219 3381 319 3451; x_wconf 57' lang='lat' dir='ltr'><strong>im,</strong></span> <span class='ocrx_word' id='word_1_394' title='bbox 348 3385 394 3451; x_wconf 81' lang='lat' dir='ltr'><strong>qui</strong></span> <span class='ocrx_word' id='word_1_395' title='bbox 417 3402 434 3433; x_wconf 89' lang='lat' dir='ltr'><strong>a</strong></span> <span class='ocrx_word' id='word_1_396' title='bbox 458 3383 587 3449; x_wconf 78' lang='lat' dir='ltr'><strong>Graccho</strong></span> <span class='ocrx_word' id='word_1_397' title='bbox 611 3402 698 3452; x_wconf 86' lang='lat' dir='ltr'><strong>usque</strong></span> <span class='ocrx_word' id='word_1_398' title='bbox 725 3387 761 3436; x_wconf 86' lang='lat' dir='ltr'><strong>ad</strong></span> <span class='ocrx_word' id='word_1_399' title='bbox 785 3384 821 3452; x_wconf 95' lang='lat' dir='ltr'><strong>Q.</strong></span> <span class='ocrx_word' id='word_1_400' title='bbox 843 3385 959 3436; x_wconf 83' lang='lat' dir='ltr'><strong>Varium</strong></span> <span class='ocrx_word' id='word_1_401' title='bbox 986 3385 1126 3437; x_wconf 87' lang='lat' dir='ltr'><strong>seditiosis</strong></span> 
     </span>
     <span class='ocr_line' id='line_1_42' title="bbox 44 3451 1225 3523; baseline 0.008 -29"><span class='ocrx_word' id='word_1_402' title='bbox 44 3451 146 3501; x_wconf 83' lang='lat' dir='ltr'><strong>omnibus</strong></span> <span class='ocrx_word' id='word_1_403' title='bbox 170 3455 276 3505; x_wconf 81' lang='lat' dir='ltr'><strong>restitit</strong></span> <span class='ocrx_word' id='word_1_404' title='bbox 302 3455 347 3522; x_wconf 65' lang='lat' dir='ltr'><strong>(ps</strong></span> <span class='ocrx_word' id='word_1_405' title='bbox 364 3453 553 3520; x_wconf 15' lang='lat' dir='ltr'><strong>§uerticem</strong></span> <span class='ocrx_word' id='word_1_406' title='bbox 590 3455 624 3506; x_wconf 86' lang='lat' dir='ltr'><strong>de</strong></span> <span class='ocrx_word' id='word_1_407' title='bbox 648 3473 701 3523; x_wconf 88' lang='lat' dir='ltr'><strong>quo</strong></span> <span class='ocrx_word' id='word_1_408' title='bbox 726 3456 829 3507; x_wconf 81' lang='lat' dir='ltr'><strong>Cicero</strong></span> <span class='ocrx_word' id='word_1_409' title='bbox 857 3457 886 3506; x_wconf 91' lang='lat' dir='ltr'><strong>in</strong></span> <span class='ocrx_word' id='word_1_410' title='bbox 910 3459 1001 3508; x_wconf 87' lang='lat' dir='ltr'><strong>Bruto</strong></span> <span class='ocrx_word' id='word_1_411' title='bbox 1027 3475 1050 3508; x_wconf 91' lang='lat' dir='ltr'><strong>c.</strong></span> <span class='ocrx_word' id='word_1_412' title='bbox 1067 3453 1125 3504; x_wconf 71' lang='lat'><strong>292</strong></span> <span class='ocrx_word' id='word_1_413' title='bbox 1223 3481 1225 3486; x_wconf 96' lang='lat'>·</span> 
     </span>
     <span class='ocr_line' id='line_1_43' title="bbox 42 3513 1126 3598; baseline 0.005 -30"><span class='ocrx_word' id='word_1_414' title='bbox 42 3513 162 3572; x_wconf 81' lang='lat' dir='ltr'><strong>lnSeaari</strong></span> <span class='ocrx_word' id='word_1_415' title='bbox 180 3526 312 3582; x_wconf 83' lang='lat' dir='ltr'><strong>oratione,</strong></span> <span class='ocrx_word' id='word_1_416' title='bbox 325 3526 455 3593; x_wconf 80' lang='lat' dir='ltr'><strong>sapientis</strong></span> <span class='ocrx_word' id='word_1_417' title='bbox 474 3525 587 3576; x_wconf 73' lang='lat' dir='ltr'><strong>hominis</strong></span> <span class='ocrx_word' id='word_1_418' title='bbox 600 3535 626 3576; x_wconf 83' lang='lat' dir='ltr'><strong>et</strong></span> <span class='ocrx_word' id='word_1_419' title='bbox 645 3528 721 3586; x_wconf 87' lang='lat' dir='ltr'><strong>recti,</strong></span> <span class='ocrx_word' id='word_1_420' title='bbox 739 3529 864 3598; x_wconf 74' lang='lat' dir='ltr'><strong>prauitas</strong></span> <span class='ocrx_word' id='word_1_421' title='bbox 878 3545 987 3586; x_wconf 76' lang='grc' dir='ltr'><strong>οοιηιοο,</strong></span> <span class='ocrx_word' id='word_1_422' title='bbox 1005 3535 1033 3578; x_wconf 87' lang='lat' dir='ltr'><strong>et</strong></span> <span class='ocrx_word' id='word_1_423' title='bbox 1048 3533 1126 3574; x_wconf 79' lang='lat' dir='ltr'><strong>reata-</strong></span> 
     </span>
     <span class='ocr_line' id='line_1_44' title="bbox 42 3589 1126 3667; baseline 0.007 -29"><span class='ocrx_word' id='word_1_424' title='bbox 42 3589 95 3640; x_wconf 73' lang='lat' dir='ltr'><strong>ratis</strong></span> <span class='ocrx_word' id='word_1_425' title='bbox 109 3595 236 3657; x_wconf 78' lang='lat' dir='ltr'><strong>quaedam</strong></span> <span class='ocrx_word' id='word_1_426' title='bbox 254 3597 340 3645; x_wconf 84' lang='lat' dir='ltr'><strong>iuerat</strong></span> <span class='ocrx_word' id='word_1_427' title='bbox 358 3597 516 3648; x_wconf 83' lang='lat' dir='ltr'><strong>auctoritas.</strong></span> <span class='ocrx_word' id='word_1_428' title='bbox 537 3623 569 3636; x_wconf 79' lang='grc'><strong>-</strong></span> <span class='ocrx_word' id='word_1_429' title='bbox 606 3598 695 3667; x_wconf 79' lang='lat' dir='ltr'><strong>Hujus</strong></span> <span class='ocrx_word' id='word_1_430' title='bbox 714 3607 740 3648; x_wconf 82' lang='lat' dir='ltr'><strong>ct</strong></span> <span class='ocrx_word' id='word_1_431' title='bbox 764 3600 899 3650; x_wconf 83' lang='lat' dir='ltr'><strong>orationes</strong></span> <span class='ocrx_word' id='word_1_432' title='bbox 920 3605 1000 3656; x_wconf 86' lang='lat' dir='ltr'><strong>sant,</strong></span> <span class='ocrx_word' id='word_1_433' title='bbox 1029 3604 1056 3649; x_wconf 89' lang='lat' dir='ltr'><strong>et</strong></span> <span class='ocrx_word' id='word_1_434' title='bbox 1071 3603 1126 3646; x_wconf 86' lang='lat' dir='ltr'><strong>tres</strong></span> 
     </span>
     <span class='ocr_line' id='line_1_45' title="bbox 44 3657 969 3737; baseline 0.013 -32"><span class='ocrx_word' id='word_1_435' title='bbox 44 3657 69 3707; x_wconf 77' lang='lat' dir='ltr'><strong>ad</strong></span> <span class='ocrx_word' id='word_1_436' title='bbox 81 3660 109 3710; x_wconf 80' lang='lat' dir='ltr'><strong>L.</strong></span> <span class='ocrx_word' id='word_1_437' title='bbox 123 3663 256 3734; x_wconf 73' lang='lat' dir='ltr'><strong>Fufidium</strong></span> <span class='ocrx_word' id='word_1_438' title='bbox 268 3667 348 3724; x_wconf 82' lang='lat' dir='ltr'><strong>libri,</strong></span> <span class='ocrx_word' id='word_1_439' title='bbox 366 3668 461 3736; x_wconf 85' lang='lat' dir='ltr'><strong>scripti</strong></span> <span class='ocrx_word' id='word_1_440' title='bbox 476 3667 509 3716; x_wconf 80' lang='lat' dir='ltr'><strong>de</strong></span> <span class='ocrx_word' id='word_1_441' title='bbox 522 3669 581 3717; x_wconf 84' lang='lat' dir='ltr'><strong>vita</strong></span> <span class='ocrx_word' id='word_1_442' title='bbox 595 3670 679 3737; x_wconf 86' lang='lat' dir='ltr'><strong>ipsius</strong></span> <span class='ocrx_word' id='word_1_443' title='bbox 698 3677 785 3728; x_wconf 85' lang='lat' dir='ltr'><strong>acta,¹</strong></span> <span class='ocrx_word' id='word_1_444' title='bbox 797 3688 862 3721; x_wconf 86' lang='lat' dir='ltr'><strong>sanc</strong></span> <span class='ocrx_word' id='word_1_445' title='bbox 877 3669 969 3720; x_wconf 83' lang='lat' dir='ltr'><strong>utiles.</strong></span> 
     </span>
    </p>

    <p class='ocr_par' dir='ltr' id='par_1_21' title="bbox 42 3731 1128 4020">
     <span class='ocr_line' id='line_1_46' title="bbox 85 3731 1127 3810; baseline 0.004 -27"><span class='ocrx_word' id='word_1_446' title='bbox 85 3731 115 3794; x_wconf 82' lang='lat' dir='ltr'><strong>Q.</strong></span> <span class='ocrx_word' id='word_1_447' title='bbox 130 3731 226 3786; x_wconf 81' lang='lat' dir='ltr'><strong>Catulo</strong></span> <span class='ocrx_word' id='word_1_448' title='bbox 243 3745 268 3788; x_wconf 87' lang='lat' dir='ltr'><strong>et</strong></span> <span class='ocrx_word' id='word_1_449' title='bbox 281 3745 361 3804; x_wconf 84' lang='lat' dir='ltr'><strong>patre</strong></span> <span class='ocrx_word' id='word_1_450' title='bbox 375 3747 402 3788; x_wconf 84' lang='lat' dir='ltr'><strong>et</strong></span> <span class='ocrx_word' id='word_1_451' title='bbox 414 3737 484 3808; x_wconf 76' lang='lat' dir='ltr'><strong>lilio.</strong></span> <span class='ocrx_word' id='word_1_452' title='bbox 517 3738 567 3788; x_wconf 78' lang='lat' dir='ltr'><strong>lle.</strong></span> <span class='ocrx_word' id='word_1_453' title='bbox 581 3747 661 3808; x_wconf 82' lang='lat' dir='ltr'><strong>patrc</strong></span> <span class='ocrx_word' id='word_1_454' title='bbox 680 3758 705 3792; x_wconf 81' lang='lat' dir='ltr'><strong>v.</strong></span> <span class='ocrx_word' id='word_1_455' title='bbox 723 3759 824 3810; x_wconf 84' lang='lat' dir='ltr'><strong>supra,</strong></span> <span class='ocrx_word' id='word_1_456' title='bbox 845 3746 872 3792; x_wconf 90' lang='lat' dir='ltr'><strong>et</strong></span> <span class='ocrx_word' id='word_1_457' title='bbox 890 3742 923 3790; x_wconf 89' lang='lat' dir='ltr'><strong>de</strong></span> <span class='ocrx_word' id='word_1_458' title='bbox 940 3739 999 3788; x_wconf 88' lang='lat' dir='ltr'><strong>filio</strong></span> <span class='ocrx_word' id='word_1_459' title='bbox 1015 3744 1073 3788; x_wconf 87' lang='lat' dir='ltr'><strong>not.</strong></span> <span class='ocrx_word' id='word_1_460' title='bbox 1091 3738 1127 3788; x_wconf 84' lang='lat' dir='ltr'><strong>etl</strong></span> 
     </span>
     <span class='ocr_line' id='line_1_47' title="bbox 44 3806 1127 3879; baseline 0.004 -25"><span class='ocrx_word' id='word_1_461' title='bbox 44 3813 74 3848; x_wconf 75' lang='lat'><strong>⁰¹·</strong></span> <span class='ocrx_word' id='word_1_462' title='bbox 86 3819 110 3869; x_wconf 83' lang='lat' dir='ltr'><strong>p.</strong></span> <span class='ocrx_word' id='word_1_463' title='bbox 125 3806 143 3855; x_wconf 94' lang='lat' dir='ltr'><strong>l.</strong></span> <span class='ocrx_word' id='word_1_464' title='bbox 159 3807 234 3857; x_wconf 82' lang='lat' dir='ltr'><strong>Man.</strong></span> <span class='ocrx_word' id='word_1_465' title='bbox 251 3809 272 3876; x_wconf 65' lang='lat' dir='ltr'><strong>§s</strong></span> <span class='ocrx_word' id='word_1_466' title='bbox 288 3807 336 3858; x_wconf 76' lang='lat'><strong>51.</strong></span> <span class='ocrx_word' id='word_1_467' title='bbox 353 3837 385 3848; x_wconf 90' lang='lat'>-</span> <span class='ocrx_word' id='word_1_468' title='bbox 404 3808 538 3878; x_wconf 84' lang='lat' dir='ltr'><strong>Archiep.</strong></span> <span class='ocrx_word' id='word_1_469' title='bbox 554 3816 582 3861; x_wconf 90' lang='lat' dir='ltr'><strong>et</strong></span> <span class='ocrx_word' id='word_1_470' title='bbox 595 3811 727 3879; x_wconf 85' lang='lat' dir='ltr'><strong>Palimps.</strong></span> <span class='ocrx_word' id='word_1_471' title='bbox 741 3813 841 3862; x_wconf 71' lang='lat' dir='ltr'><strong>Ambe.</strong></span> <span class='ocrx_word' id='word_1_472' title='bbox 857 3811 986 3862; x_wconf 85' lang='lat' dir='ltr'><strong>omittunt</strong></span> <span class='ocrx_word' id='word_1_473' title='bbox 1000 3809 1127 3861; x_wconf 81' lang='lat' dir='ltr'><strong>voculam</strong></span> 
     </span>
     <span class='ocr_line' id='line_1_48' title="bbox 43 3873 1128 3950; baseline 0.006 -27"><span class='ocrx_word' id='word_1_474' title='bbox 43 3876 130 3949; x_wconf 60' lang='lat' dir='ltr'><strong>sipost</strong></span> <span class='ocrx_word' id='word_1_475' title='bbox 146 3873 253 3928; x_wconf 81' lang='lat' dir='ltr'><strong>Catulo.</strong></span> <span class='ocrx_word' id='word_1_476' title='bbox 289 3877 779 3950; x_wconf 74' lang='lat' dir='ltr'><strong>Atcie.de0ff.150.§.1092</strong></span> <span class='ocrx_word' id='word_1_477' title='bbox 816 3882 940 3945; x_wconf 69' lang='lat' dir='ltr'><strong>Quodis</strong></span> <span class='ocrx_word' id='word_1_478' title='bbox 958 3879 1074 3937; x_wconf 83' lang='lat' dir='ltr'><strong>Catulo,</strong></span> <span class='ocrx_word' id='word_1_479' title='bbox 1101 3885 1128 3931; x_wconf 89' lang='lat' dir='ltr'><strong>et</strong></span> 
     </span>
     <span class='ocr_line' id='line_1_49' title="bbox 42 3949 681 4020; baseline 0.02 -29"><span class='ocrx_word' id='word_1_480' title='bbox 42 3954 64 3988; x_wconf 73' lang='lat' dir='ltr'><strong>ln</strong></span> <span class='ocrx_word' id='word_1_481' title='bbox 75 3953 147 4009; x_wconf 87' lang='lat' dir='ltr'><strong>patre</strong></span> <span class='ocrx_word' id='word_1_482' title='bbox 162 3955 188 3998; x_wconf 87' lang='lat' dir='ltr'><strong>et</strong></span> <span class='ocrx_word' id='word_1_483' title='bbox 202 3949 300 4020; x_wconf 74' lang='lat' dir='ltr'><strong>infilio</strong></span> <span class='ocrx_word' id='word_1_484' title='bbox 315 3950 437 4000; x_wconf 83' lang='lat' dir='ltr'><strong>vidiruas.</strong></span> <span class='ocrx_word' id='word_1_485' title='bbox 617 3959 618 3968; x_wconf 60' lang='lat'>¹</span> <span class='ocrx_word' id='word_1_486' title='bbox 679 4005 681 4009; x_wconf 82' lang='grc'>,</span> 
     </span>
    </p>

    <p class='ocr_par' dir='ltr' id='par_1_22' title="bbox 43 4012 1128 4292">
     <span class='ocr_line' id='line_1_50' title="bbox 84 4012 1127 4078; baseline 0.003 -12"><span class='ocrx_word' id='word_1_487' title='bbox 84 4012 113 4064; x_wconf 81' lang='lat'><strong>1..</strong></span> <span class='ocrx_word' id='word_1_488' title='bbox 136 4015 243 4071; x_wconf 79' lang='lat' dir='ltr'><strong>Crasso.</strong></span> <span class='ocrx_word' id='word_1_489' title='bbox 288 4020 331 4070; x_wconf 85' lang='lat' dir='ltr'><strong>Ea</strong></span> <span class='ocrx_word' id='word_1_490' title='bbox 359 4029 449 4074; x_wconf 84' lang='lat' dir='ltr'><strong>aetate</strong></span> <span class='ocrx_word' id='word_1_491' title='bbox 473 4022 518 4074; x_wconf 86' lang='lat' dir='ltr'><strong>hic</strong></span> <span class='ocrx_word' id='word_1_492' title='bbox 548 4025 629 4075; x_wconf 85' lang='lat' dir='ltr'><strong>ctiam</strong></span> <span class='ocrx_word' id='word_1_493' title='bbox 657 4041 717 4074; x_wconf 90' lang='lat' dir='ltr'><strong>curn</strong></span> <span class='ocrx_word' id='word_1_494' title='bbox 748 4023 863 4078; x_wconf 72' lang='lat' dir='ltr'><strong>maxime</strong></span> <span class='ocrx_word' id='word_1_495' title='bbox 886 4024 914 4072; x_wconf 89' lang='lat' dir='ltr'><strong>iu</strong></span> <span class='ocrx_word' id='word_1_496' title='bbox 944 4021 1042 4073; x_wconf 81' lang='lat' dir='ltr'><strong>studiis</strong></span> <span class='ocrx_word' id='word_1_497' title='bbox 1072 4021 1127 4071; x_wconf 90' lang='lat' dir='ltr'><strong>elo-</strong></span> 
     </span>
     <span class='ocr_line' id='line_1_51' title="bbox 44 4087 1128 4146; baseline 0.008 -16"><span class='ocrx_word' id='word_1_498' title='bbox 44 4087 152 4144; x_wconf 83' lang='lat' dir='ltr'><strong>quentiae</strong></span> <span class='ocrx_word' id='word_1_499' title='bbox 175 4090 278 4144; x_wconf 86' lang='lat' dir='ltr'><strong>lloruit.</strong></span> <span class='ocrx_word' id='word_1_500' title='bbox 325 4093 424 4144; x_wconf 75' lang='lat' dir='ltr'><strong>Ambe.</strong></span> <span class='ocrx_word' id='word_1_501' title='bbox 449 4091 554 4145; x_wconf 82' lang='lat' dir='ltr'><strong>comm.</strong></span> <span class='ocrx_word' id='word_1_502' title='bbox 580 4095 613 4145; x_wconf 91' lang='lat' dir='ltr'><strong>L.</strong></span> <span class='ocrx_word' id='word_1_503' title='bbox 636 4095 760 4146; x_wconf 89' lang='lat' dir='ltr'><strong>Licinius</strong></span> <span class='ocrx_word' id='word_1_504' title='bbox 780 4093 900 4144; x_wconf 75' lang='lat' dir='ltr'><strong>Crassus</strong></span> <span class='ocrx_word' id='word_1_505' title='bbox 926 4111 985 4144; x_wconf 80' lang='lat' dir='ltr'><strong>curn</strong></span> <span class='ocrx_word' id='word_1_506' title='bbox 1011 4093 1128 4142; x_wconf 88' lang='lat' dir='ltr'><strong>omnium</strong></span> 
     </span>
     <span class='ocr_line' id='line_1_52' title="bbox 43 4147 1128 4231; baseline 0.01 -32"><span class='ocrx_word' id='word_1_507' title='bbox 43 4147 159 4210; x_wconf 81' lang='lat' dir='ltr'><strong>boninum</strong></span> <span class='ocrx_word' id='word_1_508' title='bbox 173 4162 409 4222; x_wconf 83' lang='lat' dir='ltr'><strong>moderatissimo,</strong></span> <span class='ocrx_word' id='word_1_509' title='bbox 429 4162 465 4230; x_wconf 87' lang='lat' dir='ltr'><strong>Q.</strong></span> <span class='ocrx_word' id='word_1_510' title='bbox 476 4164 569 4216; x_wconf 84' lang='lat' dir='ltr'><strong>Mucio</strong></span> <span class='ocrx_word' id='word_1_511' title='bbox 581 4166 727 4226; x_wconf 69' lang='lat' dir='ltr'><strong>Scaevola,</strong></span> <span class='ocrx_word' id='word_1_512' title='bbox 739 4165 1016 4231; x_wconf 77' lang='lat' dir='ltr'><strong>&#39;magnificentissima</strong></span> <span class='ocrx_word' id='word_1_513' title='bbox 1032 4162 1128 4212; x_wconf 86' lang='lat' dir='ltr'><strong>aedili-</strong></span> 
     </span>
     <span class='ocr_line' id='line_1_53' title="bbox 44 4225 1128 4292; baseline 0.011 -23"><span class='ocrx_word' id='word_1_514' title='bbox 44 4225 89 4274; x_wconf 85' lang='lat' dir='ltr'><strong>tate</strong></span> <span class='ocrx_word' id='word_1_515' title='bbox 101 4228 223 4292; x_wconf 85' lang='lat' dir='ltr'><strong>lunctus,</strong></span> <span class='ocrx_word' id='word_1_516' title='bbox 244 4251 303 4284; x_wconf 83' lang='lat' dir='ltr'><strong>cum</strong></span> <span class='ocrx_word' id='word_1_517' title='bbox 319 4235 415 4286; x_wconf 85' lang='lat' dir='ltr'><strong>codem</strong></span> <span class='ocrx_word' id='word_1_518' title='bbox 431 4237 527 4286; x_wconf 87' lang='lat' dir='ltr'><strong>consul</strong></span> <span class='ocrx_word' id='word_1_519' title='bbox 540 4238 594 4288; x_wconf 80' lang='lat' dir='ltr'><strong>fuit</strong></span> <span class='ocrx_word' id='word_1_520' title='bbox 612 4256 636 4286; x_wconf 88' lang='lat' dir='ltr'><strong>a.</strong></span> <span class='ocrx_word' id='word_1_521' title='bbox 656 4256 682 4287; x_wconf 91' lang='lat' dir='ltr'><strong>u.</strong></span> <span class='ocrx_word' id='word_1_522' title='bbox 701 4255 724 4287; x_wconf 93' lang='lat' dir='ltr'><strong>c.</strong></span> <span class='ocrx_word' id='word_1_523' title='bbox 742 4235 811 4288; x_wconf 72' lang='lat'><strong>659.</strong></span> <span class='ocrx_word' id='word_1_524' title='bbox 840 4235 901 4286; x_wconf 86' lang='lat' dir='ltr'><strong>Cic.</strong></span> <span class='ocrx_word' id='word_1_525' title='bbox 923 4237 956 4287; x_wconf 86' lang='lat' dir='ltr'><strong>dc</strong></span> <span class='ocrx_word' id='word_1_526' title='bbox 977 4234 1032 4286; x_wconf 79' lang='lat' dir='ltr'><strong>Off.</strong></span> <span class='ocrx_word' id='word_1_527' title='bbox 1044 4233 1062 4282; x_wconf 74' lang='lat' dir='ltr'><strong>‘I</strong></span> <span class='ocrx_word' id='word_1_528' title='bbox 1078 4230 1128 4284; x_wconf 77' lang='lat'><strong>50.</strong></span> 
     </span>
    </p>

    <p class='ocr_par' dir='ltr' id='par_1_23' title="bbox 45 4287 1134 4450">
     <span class='ocr_line' id='line_1_54' title="bbox 45 4287 1129 4375; baseline -0.004 -21"><span class='ocrx_word' id='word_1_529' title='bbox 45 4287 63 4354; x_wconf 81' lang='lat' dir='ltr'><strong>i·</strong></span> <span class='ocrx_word' id='word_1_530' title='bbox 80 4294 148 4352; x_wconf 72' lang='lat'><strong>¹08:</strong></span> <span class='ocrx_word' id='word_1_531' title='bbox 185 4302 256 4354; x_wconf 80' lang='lat' dir='ltr'><strong>Erat</strong></span> <span class='ocrx_word' id='word_1_532' title='bbox 276 4308 304 4356; x_wconf 88' lang='lat' dir='ltr'><strong>ia</strong></span> <span class='ocrx_word' id='word_1_533' title='bbox 320 4306 353 4356; x_wconf 74' lang='lat'><strong>11.</strong></span> <span class='ocrx_word' id='word_1_534' title='bbox 372 4304 472 4355; x_wconf 86' lang='lat' dir='ltr'><strong>Crasso</strong></span> <span class='ocrx_word' id='word_1_535' title='bbox 490 4313 519 4374; x_wconf 74' lang='lat' dir='ltr'><strong>ct</strong></span> <span class='ocrx_word' id='word_1_536' title='bbox 536 4310 564 4358; x_wconf 82' lang='lat' dir='ltr'><strong>ia</strong></span> <span class='ocrx_word' id='word_1_537' title='bbox 579 4308 611 4357; x_wconf 78' lang='lat'><strong>1..</strong></span> <span class='ocrx_word' id='word_1_538' title='bbox 626 4307 752 4375; x_wconf 81' lang='lat' dir='ltr'><strong>Pisilippo</strong></span> <span class='ocrx_word' id='word_1_539' title='bbox 769 4307 866 4356; x_wconf 70' lang='lat' dir='ltr'><strong>:saisitus</strong></span> <span class='ocrx_word' id='word_1_540' title='bbox 882 4309 972 4375; x_wconf 82' lang='lat' dir='ltr'><strong>lepos:</strong></span> <span class='ocrx_word' id='word_1_541' title='bbox 991 4311 1022 4354; x_wconf 86' lang='lat' dir='ltr'><strong>at</strong></span> <span class='ocrx_word' id='word_1_542' title='bbox 1035 4301 1129 4352; x_wconf 79' lang='lat' dir='ltr'><strong>iisdem</strong></span> 
     </span>
     <span class='ocr_line' id='line_1_55' title="bbox 47 4365 1134 4450; baseline 0.001 -29"><span class='ocrx_word' id='word_1_543' title='bbox 47 4365 185 4450; x_wconf 69' lang='lat' dir='ltr'><strong>‘suparibus</strong></span> <span class='ocrx_word' id='word_1_544' title='bbox 202 4375 231 4426; x_wconf 86' lang='lat' dir='ltr'><strong>ia</strong></span> <span class='ocrx_word' id='word_1_545' title='bbox 241 4375 277 4428; x_wconf 82' lang='lat' dir='ltr'><strong>M.</strong></span> <span class='ocrx_word' id='word_1_546' title='bbox 290 4375 394 4431; x_wconf 78' lang='lat' dir='ltr'><strong>Scauro</strong></span> <span class='ocrx_word' id='word_1_547' title='bbox 411 4384 437 4428; x_wconf 84' lang='lat' dir='ltr'><strong>et</strong></span> <span class='ocrx_word' id='word_1_548' title='bbox 455 4377 484 4428; x_wconf 86' lang='lat' dir='ltr'><strong>ia</strong></span> <span class='ocrx_word' id='word_1_549' title='bbox 494 4378 533 4428; x_wconf 83' lang='lat' dir='ltr'><strong>ill.</strong></span> <span class='ocrx_word' id='word_1_550' title='bbox 543 4379 632 4430; x_wconf 80' lang='lat' dir='ltr'><strong>Dnua</strong></span> <span class='ocrx_word' id='word_1_551' title='bbox 646 4378 812 4430; x_wconf 75' lang='lat' dir='ltr'><strong>adolescente</strong></span> <span class='ocrx_word' id='word_1_552' title='bbox 826 4379 974 4446; x_wconf 64' lang='lat' dir='ltr'><strong>singularis</strong></span> <span class='ocrx_word' id='word_1_553' title='bbox 988 4375 1134 4426; x_wconf 70' lang='lat' dir='ltr'><strong>reverteas.-</strong></span> 
     </span>
    </p>
   </div>
   <div class='ocr_carea' id='block_1_5' title="bbox 0 0 1398 5022">
    <p class='ocr_par' dir='ltr' id='par_1_24' title="bbox 0 0 1398 5022">
     <span class='ocr_line' id='line_1_56' title="bbox 0 0 1398 5022; baseline 0 0"><span class='ocrx_word' id='word_1_554' title='bbox 0 0 1398 5022; x_wconf 95' lang='lat' dir='ltr'><strong> </strong></span> 
     </span>
    </p>
   </div>
  </div>
 </body>
</html>
