2766 5018
294 381 387 439 uno
415 375 543 440 usos
569 379 839 442 uutouatto.
1031 390 1115 471 445
1186 467 1187 473 ἵ

41 549 164 616 Romani
171 593 183 626 ,
203 552 316 652 guanti
337 560 488 626 senatus,
509 551 622 636 quanti
641 553 709 627 tui,
739 553 812 637 quis
833 554 985 637 ignorati
1021 565 1115 622 tanto

39 637 90 699 ille
111 655 291 718 superiores
305 636 438 697 ‘vicerat
459 635 578 716 gloria,
631 643 729 698 nanto
751 644 787 698 tu
809 639 956 700 omnihus
976 633 1116 722 praesti·

38 719 110 782 tisti.
151 719 267 801 ltaque
300 719 359 779 Gn.
386 718 533 800 Pompeii
561 659 669 792 bella,
703 719 878 796 victorias,
912 722 1115 806 triumphos,

39 800 225 880 consulatue,
238 801 442 864 admirabiles
464 802 722 863 numerabamus:
745 811 819 865 tuos
842 813 1026 867 enumerare
1048 829 1115 869 uon

58 906 207 948 assumus.

37 909 55 968 p
90 968 163 1030 Gar.
194 967 236 1028 V.
277 966 331 1030 Ad
362 987 441 1029 :eum
475 967 576 1050 igitur
608 988 667 1028 rex
699 965 873 1030 Deiotarus
908 971 1018 1044 veuit,
1050 970 1164 1034 hoelt-

37 1052 141 1112 nisero
175 1048 333 1135 fatalique
363 1049 473 1124 hello.
504 1071 598 1134 quem
626 1057 722 1114 antea
748 1051 845 1112 iustis
875 1051 1115 1138 hostilibusque

37 1133 122 1195 hellis
144 1133 331 1206 adiuvaret,
354 1154 491 1215 quocum
514 1141 582 1196 crat
601 1135 671 1194 'non
691 1133 835 1215 hospitio
859 1135 984 1210 solum,
1006 1159 1115 1198 verum

38 1217 123 1276 etiam
151 1215 374 1276 familiaritate
408 1216 620 1280 coniunctus:
650 1226 683 1277 et
709 1217 797 1277 venit
820 1217 873 1279 vel
892 1227 1045 1298 rogatus,
1080 1229 1116 1281 ut

40 1299 164 1372 amicus:
194 1297 508 1382 veliaccersitus¹)‚
531 1307 567 1360 ut
589 1299 717 1372 socius:
739 1300 791 1360 vel
814 1307 987 1375 evocatus,
1016 1310 1052 1363 ut
1073 1302 1114 1377 is,

41 1383 86 1464 qui
105 1381 232 1446 senatui
253 1402 368 1463 parere
391 1381 580 1442 didicisset:
602 1391 765 1463 postremo
788 1383 890 1457 veuit,
911 1393 948 1444 ut
970 1385 1011 1445 ad
1032 1385 1116 1464 fugi·

41 1473 150 1538 entem,
181 1485 250 1535 non
270 1473 306 1526 ut
329 1464 369 1524 ad
384 1464 634 1546 insequentem,
656 1463 691 1524 id
714 1472 786 1538 est,
810 1467 852 1526 ad
872 1466 1028 1547 periculi,
1050 1489 1116 1528 uon

39 1547 245 1610 :id-victoriae
268 1549 466 1611 societatem.
503 1547 633 1630 ltaque,
654 1547 844 1612 Pharsalico
866 1549 992 1630 proelio
1016 1550 1115 1623 factes,

38 1630 218 1713 aPompcio
244 1630 416 1690 discessit:
436 1651 536 1710 spem
564 1631 721 1691 infinitam
741 1632 897 1714 persequi
918 1632 1032 1693 noluit.
1062 1633 1116 1694 vcl

39 1713 150 1787 officio,
190 1715 220 1774 si
246 1713 323 1796 quid
346 1713 522 1786 debuerat:
551 1711 605 1772 vel
626 1714 748 1786 errori,
779 1713 807 1774 si
830 1715 908 1796 quid
930 1715 1115 1790 nescierat,

39 1797 228 1857 satisfactum
259 1817 330 1868 csse
359 1795 469 1856 duxit:
500 1792 625 1856 domum
648 1817 684 1854 se
706 1795 865 1867 contulit:
895 1805 994 1880 teque
1016 1799 1114 1858 Alex-

41 1879 192 1941 andrinum
221 1877 345 1938 bellum
376 1885 530 1958 gerente,
563 1877 758 1938 utilitatibus
793 1877 855 1938 tuis
888 1879 1006 1959 paruit.
1049 1881 1163 1946 lllers

41 2013 124 2028 ’ἀι-

84 2075 109 2145 l)
126 2078 282 2130 arcessitus.

86 2259 226 2329 V.§.15.
263 2268 343 2313 antea
359 2259 448 2332 fastis.
488 2260 544 2318 off.
566 2261 584 2314 1
607 2259 664 2316 ll:
700 2259 747 2316 Ex
769 2259 858 2330 fetiali
880 2259 973 2330 papali
996 2260 1031 2316 u.
1047 2261 1114 2331 jars

44 2327 140 2402 intelligi
152 2339 259 2402 potest,
281 2332 381 2382 nullam
397 2333 494 2383 bellan:
508 2351 563 2383 esse
571 2334 692 2404 justum,
713 2333 767 2384 aiei
788 2331 857 2400 good
879 2339 926 2382 aut
948 2333 1025 2383 rebus
1042 2350 1114 2402 repe-

43 2399 89 2450 titis
101 2412 226 2472 geratur,
246 2410 293 2452 aut
307 2402 489 2452 deriuatiatum
504 2411 566 2452 autc
583 2405 621 2454 sit
641 2412 667 2454 ct
682 2401 821 2454 indictum.
857 2419 881 2454 v.
898 2401 932 2452 II
950 2400 1012 2454 (lat.
1034 2403 1061 2455 l.
1081 2433 1113 2444 --

43 2467 129 2524 Onnes
154 2475 236 2524 l‘nrr.
259 2473 344 2525 saw.
369 2472 430 2522 Eri.
457 2473 529 2525 051.
553 2473 633 2526 Rom.
653 2475 741 2526 Vena.
768 2473 920 2523 accersitus.
954 2471 1034 2524 Idem
1052 2471 1114 2524 Er'r.
1178 2499 1180 2508 ι

42 2556 91 2590 cum
105 2543 191 2595 Arch.
211 2560 245 2596 aa.
264 2561 307 2612 pr.
328 2543 392 2593 Par.
413 2543 461 2594 ll.
480 2543 562 2597 duob,
580 2543 612 2594 L.
632 2541 705 2595 04⁷1.
716 2545 787 2595 Van.
800 2542 879 2596 1499
897 2550 964 2596 text.
979 2543 1024 2594 acl
1036 2562 1114 2596 voca·

41 2614 74 2658 tu:
82 2629 129 2680 pro
138 2616 252 2682 vulgato
261 2614 304 2663 ccl
313 2620 445 2670 evocatus,
461 2611 568 2680 quodh.
578 2613 597 2666 l.
607 2615 763 2682 significare
772 2613 897 2665 videtur:
908 2614 1000 2685 jussus
1009 2616 1114 2668 adesse.
1178 2605 1181 2614 ¹

39 2678 79 2731 Sic
100 2685 132 2736 de
152 2684 232 2736 Bell.
255 2685 338 2738 Alex.
362 2683 417 2736 54:
452 2683 584 2737 Domitius
600 2683 668 2736 duas
692 2683 844 2756 [legiones]
867 2687 895 2736 ia
910 2684 1060 2756 Aegyptam
1079 2685 1116 2738 aci

37 2746 163 2804 Caesarem
178 2756 281 2812 mittit.
300 2755 387 2804 literis
403 2753 458 2824 ejas
473 2761 623 2822 caecatas.⁸
641 2755 684 2806 Ec
704 2756 812 2826 quidem
831 2771 911 2806 sensu
929 2772 1038 2805 evocare
1056 2774 1114 2806 sae·

34 2821 85 2886 pius
110 2825 243 2878 dicuntur
268 2826 452 2892 magistratus.
487 2825 571 2877 Verr.
590 2823 714 2877 111982
750 2827 871 2896 Argyria
892 2827 1064 2896 magistratus
1089 2833 1116 2876 et

35 2894 339 3018 tt'²lf.t''‡”¹3.lt.⁰lt
357 2895 1116 3034 {iltt‘ttti‘f:tillidi‘ttttaSilis?

36 3033 75 3098 qui
91 3037 209 3106 expletis
229 3037 389 3107 stipendiis,
408 3039 537 3107 precibus
554 3036 599 3090 vel
618 3037 811 3102 largitionibus
831 3037 1026 3105 imperatorum
1044 3053 1115 3087 eom-

35 3106 106 3166 moti,
128 3108 255 3159 militiam
271 3115 419 3162 resumunt.
455 3126 481 3160 v.
497 3108 566 3160 Sall.
584 3106 647 3158 Cat.
664 3105 713 3156 59.

82 3175 216 3235 discessit,
235 3195 285 3228 nec
300 3186 389 3228 tamon
407 3179 554 3237 continuo;
580 3176 738 3244 Pompeium
756 3173 825 3224 cuim
842 3191 875 3226 ex
891 3171 987 3226 Phara.
1002 3175 1112 3245 proclia

34 3247 170 3314 prologum
197 3254 322 3306 secutus,
347 3245 494 3296 incilicia
517 3246 562 3298 rel
578 3247 606 3297 in
628 3245 711 3296 litore
729 3243 822 3296 Icario
839 3244 979 3312 expositus
1002 3252 1058 3304 cst,
1084 3242 1120 3299 ut'

36 3313 138 3371 orientis
155 3337 244 3387 regna
265 3319 293 3368 in
318 3317 446 3369 auxilium
465 3316 550 3384 ipsius
573 3315 732 3367 concitaret.
768 3313 872 3366 Narrat
886 3315 960 3367 Plut.
974 3316 1003 3367 in
1018 3315 1115 3386 Pornp.

36 3400 56 3434 c·
73 3386 123 3439 Id:
158 3389 318 3458 Pompeium
338 3407 370 3450 cn
386 3387 481 3440 Phars.
499 3387 606 3457 proelio
624 3403 676 3455 per
691 3387 793 3455 Tempe
807 3403 891 3454 usque
909 3386 944 3436 ad
957 3403 1031 3438 mare
1049 3405 1114 3454 pro·

35 3472 163 3520 gressum,
184 3459 274 3510 altero
295 3461 338 3522 dic
359 3478 374 3512 a
392 3454 494 3512 Potitio
520 3459 636 3526 quodam
653 3456 775 3509 Romano
802 3457 831 3506 in
854 3458 942 3508 navim
962 3457 1115 3507 onerariam

34 3539 81 3576 una
93 3547 150 3580 cum
165 3529 272 3581 dachus
286 3529 412 3582 Lentulis
427 3537 454 3581 ct
467 3529 587 3581 Favonio
603 3534 743 3598 receptum
760 3543 828 3587 esse,
848 3533 929 3595 atquc
944 3528 1037 3594 paullo
1052 3533 1115 3595 post

36 3597 108 3650 etiam
122 3602 284 3672 Dejotaeum
296 3617 388 3668 regem
403 3600 523 3676 [μικρὸν
540 3599 660 3675 ὕστερον
679 3595 791 3664 ἰδόντος
807 3601 863 3654 ἀπὸ
880 3601 930 3666 γῆς
946 3594 1114 3668 ἁμιλλώμε-

35 3683 81 3722 νον
98 3667 272 3747 Δηϊόταρον
295 3675 349 3727 τὸν
377 3669 520 3742 βασιλέα,
546 3665 914 3744 προσαναλαμβάνουσιν]
950 3667 1023 3718 Hine
1046 3667 1114 3718 Luc.

35 3731 123 3791 l‘lrars.
141 3741 219 3791 VIII
235 3739 313 3793 2082
350 3740 462 3809 Sceptra
477 3739 537 3790 an
558 3744 673 3790 tenentes
689 3737 779 3791 Exsul
793 3738 873 3787 leabet
892 3737 1015 3798 comites:
1034 3736 1115 3806 jubet

35 3804 69 3856 ire
84 3811 112 3859 ir:
126 3811 206 3933 digia
219 3811 308 3863 :umidi
322 3811 494 3884 Dejctaram,
513 3811 559 3878 gui
575 3826 670 3880 sparsa
686 3808 760 3861 dacis
775 3808 889 3879 vestigia
903 3807 976 3878 legit.
995 3825 1020 3860 r.
1037 3826 1112 3877 seqq.
1207 3847 1209 3856 ,

35 3902 63 3917 -
80 3880 135 3932 ail
179 3919 186 3932 .

80 3951 121 4000 vel
140 3952 230 4024 officia.
265 3951 299 4004 Iu
315 3951 427 4004 candem
444 3951 604 4004 senteutiam
614 3946 763 4000 Dolabella
773 3945 903 4000 Ciceroni
913 3945 1114 4016 {Famlxtsp
1224 3989 1233 4004 .

35 4013 203 4089 Sattssactaa:
227 4029 267 4072 cst
288 4023 344 4092 p'au:
365 4039 382 4072 a
404 4029 429 4073 te
453 4020 497 4070 cel
521 4019 620 4092 officio,
647 4020 690 4072 ccl
714 4017 916 4088 familiaritati:
945 4017 1115 4087 satisfactura

34 4087 108 4144 etiam
121 4095 243 4160 partibus
252 4129 260 4152 ‚
279 4102 305 4144 et
320 4094 345 4143 ci
360 4092 425 4161 reip.
440 4109 518 4158 quam
535 4099 565 4140 ta
577 4091 720 4160 probabas.

82 4163 243 4216 utilitatibus
262 4192 294 4204 ·-
309 4163 420 4234 perarsit,
439 4159 492 4214 tihi
507 4163 535 4210 iu
549 4163 631 4214 Alex.
649 4161 736 4219 bello,
756 4164 882 4228 quantum
899 4158 988 4208 studio
1008 4163 1035 4209 et
1048 4157 1115 4208 iidc-

34 4221 107 4282 litate
124 4234 251 4303 consequi
267 4234 376 4304 potuit,
401 4249 454 4285 noa
475 4232 571 4285 defuit.
608 4231 787 4282 Lamia-:nale
806 4229 882 4280 dedit
895 4229 1003 4298 patruit:
1031 4228 1111 4280 idem·

36 4312 82 4362 με
92 4305 202 4360 verbum
212 4303 319 4375 reecpit
327 4303 443 4356 Ursinus
453 4303 481 4354 in
491 4322 533 4373 cp.
543 4303 583 4356 99
597 4303 632 4353 ad
640 4301 715 4352 Fam.
725 4300 744 4350 l.
753 4299 847 4350 xm.
865 4299 918 4348 Iles
926 4298 1072 4368 familiari:
1083 4296 1113 4351 C.

37 4363 169 4440 ‘'apttoaa
181 4384 288 4450 praesto
306 4375 376 4446 licit,
394 4381 420 4450 et
429 4376 523 4448 paruit
539 4381 564 4426 ct
578 4373 734 4444 temporibus
749 4378 775 4424 et
786 4367 911 4440 [ortanae
927 4387 1005 4424 meac.
1042 4367 1113 4440 Nep.
