2782 5022
269 332 367 449 232¹
645 336 1052 426 oun'rlo'

268 546 348 624 post
365 527 604 600 damnationem
622 537 803 614 calamitas,
825 559 951 601 omnem
966 531 1149 603 tabularum
1163 539 1327 622 fidemresip
1369 526 1370 583 l

270 619 412 684 nassetr'
440 621 623 697 Metellus,
665 619 761 682 bomo
795 623 1020 691 sanctissimus
1051 625 1328 706 modestissimusque
1369 610 1370 666 l

271 705 432 779 omnium,
455 713 547 766 tanta
565 705 738 786 diligentia
759 705 844 780 fuit,
874 714 911 768 ut
933 706 975 767 ad
995 709 1034 768 L.
1052 707 1225 770 Lentulum
1240 716 1329 788 praete·
1369 716 1370 747 l

258 803 338 850 'rem
358 798 391 850 et
411 789 452 848 ad
470 789 598 849 indices
615 789 762 863 venerit,
786 791 934 850 etunius
954 792 1093 852 nominis
1114 791 1212 852 litura
1230 813 1259 851 se
1277 813 1330 850 eon·
1369 800 1370 830 ³

271 881 391 934 motum
413 894 485 932 esse
507 872 638 933 dixerit.
681 871 745 932 His
773 872 874 954 igitur
897 874 1018 948 tabulis
1044 874 1167 936 nullam
1190 875 1330 934 liturania
1369 885 1370 910 l

223 959 264 1014 lt)
272 957 441 1039 nomine¹)
462 956 502 1015 Α.
521 955 643 1016 Licinii
662 955 793 1016 videtis.
835 957 930 1034 Quae
949 981 1021 1018 cum
1038 958 1085 1018 ita
1106 959 1193 1033 sint,
1215 958 1329 1042 quidest,
1369 983 1370 998 ¹

272 1040 360 1125 quod
379 1040 419 1099 de
441 1039 510 1099 eius
530 1034 665 1100 eivitate
686 1039 866 1114 dubitetis,
899 1042 1092 1122 praesertim
1113 1064 1186 1102 eum
1205 1041 1270 1102 aliis
1285 1061 1330 1122 qu·
1369 1050 1370 1081 ³

273 1146 335 1207 que
358 1124 393 1183 in
416 1122 604 1199 civitatibus
627 1122 726 1183 suerit
750 1122 964 1204 adscriptus?
1008 1123 1143 1185 Etenim·
1163 1148 1234 1186 eum
1252 1122 1330 1185 medie·
1369 1133 1370 1154 ³

272 1207 381 1270 eribus
403 1204 528 1280 multis,
551 1215 585 1266 et
608 1214 664 1266 aut
685 1205 789 1278 nulla,
812 1215 866 1267 ant
888 1206 1004 1267 humili
1025 1207 1134 1292 aliqua
1157 1217 1226 1270 arte
1245 1205 1330 1288 praed·

271 1291 329 1365 tis,
351 1290 493 1372 gratuito
517 1289 684 1350 civitatem
705 1289 740 1348 in
759 1285 901 1350 Graecia
923 1290 1080 1352 homines¹
1093 1289 1330 1374 impertiebant),

270 1429 371 1440 nnn-nu—

325 1497 355 1561 l)
372 1497 401 1546 in
419 1510 526 1547 nomen.
563 1495 595 1563 a)
612 1484 852 1566 impertiebantur.

271 1708 305 1740 ex
321 1693 455 1759 praetura
472 1687 545 1739 illud
559 1687 703 1758 imperium
720 1694 782 1739 ante
802 1665 927 1739 Cinaede
946 1696 1090 1759 tempora,
1109 1689 1136 1741 b.
1155 1709 1180 1742 e.
1199 1697 1260 1742 ante
1276 1704 1328 1740 amn

270 1778 297 1812 u.
314 1779 338 1812 e.
356 1758 417 1809 667
435 1758 604 1819 obtinuisse,
632 1766 715 1827 atquc
734 1760 774 1810 sie
788 1761 1075 1828 temporisrationern
1093 1762 1197 1830 optimc
1222 1760 1330 1814 convenire

326 1829 447 1882 Gabinii.
483 1831 590 1881 Errare
606 1828 712 1880 Comen.
730 1830 955 1891 Ambrosianum,
976 1832 1022 1899 qui
1039 1829 1171 1882 adnotat:
1191 1833 1228 1882 A.
1243 1831 1331 1882 Gallula

271 1901 412 1954 damnatus
431 1901 528 1971 fuerat
542 1901 575 1952 de
589 1903 711 1970 pecuariis
728 1901 902 1969 repetundis,
928 1901 1000 1968 quod
1021 1904 1135 1971 acceptis
1152 1903 1241 1954 decem
1257 1901 1331 1952 nillllu

270 1973 401 2038 talentum
416 1974 450 2022 ab
467 1991 528 2044 repe
545 1969 708 2030 Ptolemaeo,
726 1972 836 2022 duxisse
852 1970 1002 2022 Roscianum
1011 1975 1165 2022 exercitum
1182 1975 1211 2024 in
1226 1973 1333 2042 Aegypta·

270 2043 422 2100 diceretur,
442 2061 475 2100 ex
492 2040 725 2112 cointelligitur,
746 2043 820 2110 quod
834 2042 916 2093 istum
932 2041 963 2094 L.
984 2043 1122 2104 Domitio,
1140 2045 1238 2113 Appio
1255 2040 1333 2094 Claude

272 2133 340 2167 eoss.
365 2133 389 2164 a.
415 2112 476 2164 ⁷00
505 2114 660 2164 damnatum
692 2130 751 2164 esse
778 2113 878 2166 scribit
896 2115 951 2164 Dio
969 2112 1081 2165 Cassius
1099 2115 1235 2166 XXXIX
1250 2107 1333 2165 tto-tt·

272 2185 433 2253 Signifieari
452 2185 562 2247 videtur
580 2183 613 2234 1¹.
632 2183 785 2244 Gabinius,
811 2201 890 2258 quem
905 2187 1121 2252 repetundarum
1140 2193 1334 2238 accusaturus

272 2257 342 2306 dicit
358 2252 461 2305 Cicero
478 2256 507 2304 in
524 2255 589 2306 niv.
609 2271 632 2304 e.
649 2252 755 2313 Caecil.
783 2255 857 2306 dieta
877 2273 899 2305 a.
919 2273 946 2306 u.
964 2274 986 2306 e.
1005 2254 1085 2316 684,
1114 2275 1175 2326 cap.
1193 2257 1248 2308 20:
1279 2253 1335 2320 Nuper

271 2343 329 2394 cnm
345 2326 374 2374 in
388 2325 421 2374 P.
440 2322 586 2376 Gabiniam
603 2327 647 2375 vir·
661 2324 823 2394 fortissimus
842 2333 868 2375 et
883 2327 1110 2377 irenoccutissimus
1126 2327 1159 2378 L.
1177 2328 1244 2378 Piso
1261 2324 1335 2378 deletit-
1369 2367 1370 2370 ,

271 2416 329 2447 uem
344 2397 458 2445 nominis
471 2395 641 2465 postularet,
661 2425 692 2435 -
720 2396 771 2446 illa
793 2405 853 2446 erat
870 2415 952 2448 causa
960 2398 1131 2468 justissima,
1160 2389 1337 2466 quidemst
1369 2435 1370 2458 .

271 2467 378 2519 Achaei
392 2473 536 2538 patrormm
551 2466 725 2536 adoptarunt.
745 2479 757 2502 -“
821 2499 824 2519 t
1369 2511 1370 2530 2

324 2539 496 2607 resipnasset.
534 2539 649 2590 Servius
678 2535 963 2588 aducamus:
1000 2535 1093 2589 Cicero
1115 2541 1296 2612 resignare
1311 2544 1338 2601 pn
1369 2576 1370 2604 p

272 2605 381 2676 auferre
395 2608 424 2657 in
440 2627 479 2658 or.
494 2627 521 2678 p.
535 2608 642 2659 Archia
658 2610 714 2660 ait.-
738 2607 873 2670 Quamdiu
884 2637 914 2647 -
922 2607 1002 2680 fidem
1018 2610 1190 2680 resignasset,
1210 2610 1235 2660 b.
1252 2627 1271 2658 e.
1284 2606 1339 2657 atsu·
1369 2653 1370 2674 Χ

273 2679 357 2729 iisset.
394 2679 496 2730 Florus
513 2679 558 2728 lv
576 2679 610 2740 7,
631 2679 695 2732 aaa
714 2678 817 2728 Brutus
836 2707 868 2716 —
885 2697 917 2728 ne
935 2679 1001 2744 quid
1020 2699 1053 2730 ex
1069 2681 1210 2733 constituti
1225 2679 1275 2752 fide
1289 2675 1338 2740 ruit·
1369 2717 1370 2744 ,

169 2808 171 2814 Ι
272 2757 367 2808 naret,
396 2751 452 2819 ipse
473 2767 577 2818 quoque
601 2752 648 2800 uni
675 2749 798 2801 comitum
823 2748 1027 2818 confodiendum
1045 2752 1174 2819 praebuit
1196 2751 1274 2801 lutus.
1309 2745 1339 2794 llt
1369 2794 1370 2814 3

273 2828 362 2873 sumta
382 2829 424 2872 est
438 2819 505 2872 habe
523 2821 687 2890 metaphora
702 2841 718 2871 a
734 2827 961 2872 testamentorum
982 2821 1103 2881 tabulis,
1132 2840 1203 2889 quae
1223 2821 1340 2889 stripitu
1369 2887 1370 2890 Ἴ

272 2911 328 2944 non
342 2893 537 2943 minusmultis
552 2894 655 2961 signis,
684 2910 764 2961 quam
781 2909 795 2942 e
813 2891 876 2959 lege
894 2892 1060 2960 oportebat,
1088 2892 1124 2942 ad
1138 2899 1292 2961 praetorem
1304 2899 1340 2954 pst·
1369 2933 1370 2936 ,

272 2965 345 3016 ferri
359 2963 508 3023 debebant,
529 2971 559 3015 ut
575 2964 723 3015 seeundum
742 2981 788 3014 eas
804 2961 946 3013 hereditas
965 2965 1088 3014 daretur.
1126 2979 1152 3014 v.
1170 2962 1233 3014 Cic.
1249 2963 1274 3011 iu
1287 2957 1340 3006 var.
1369 2997 1370 3022 p

272 3033 346 3085 145
365 3043 393 3086 et
407 3034 458 3084 111
476 3034 538 3084 Cat.
558 3035 582 3102 fi.
601 3033 629 3086 7,
649 3033 773 3085 10-12.
793 3061 824 3072 —-
862 3033 1086 3091 modestissimus,
1113 3034 1307 3101 integerrimus.
1327 3041 1341 3090 t·

272 3105 389 3156 Plancio
408 3105 443 3156 le
477 3105 541 3155 Nisi
559 3107 614 3176 ejus·
629 3106 826 3178 integerrimam
841 3105 942 3162 citam,
961 3104 1166 3155 modestissimos
1183 3123 1279 3160 rueres,
1301 3112 1341 3148 Μ·
1369 3139 1370 3156 2

273 3165 1342 3317 aaanazaraenumassiaaetenam
1369 3209 1370 3234 ψ

238 3339 241 3342 ·
274 3318 331 3386 νιείἰΙ
346 3318 404 3366 ioue
422 3337 452 3368 ae
467 3313 650 3380 modestia'Q.
664 3317 792 3368 Metellus
810 3311 886 3366 Pius.
1173 3329 1176 3336 ’
1369 3351 1370 3370 1

328 3335 437 3439 lituram
452 3390 481 3439 in
501 3391 613 3440 nomine.
650 3388 697 3439 Ita
714 3388 788 3439 edidi
807 3405 839 3438 ex
857 3387 939 3438 Parr.
956 3385 984 3437 8.
1003 3385 1030 3438 9.
1049 3385 1160 3438 Veneta
1171 3383 1259 3441 14⁷9.
1278 3372 1341 3430 Μ’

273 3459 432 3509 Barbarino
457 3461 556 3528 primo.
582 3488 614 3498 -
645 3457 727 3515 Parr.
751 3458 779 3510 5.
799 3457 827 3508 5.
853 3455 915 3508 Em.
941 3458 1003 3509 cdd.
1029 3457 1109 3508 llom.
1133 3455 1222 3508 flers.
1249 3447 1342 3505 exudet
1369 3487 1370 3510 .

275 3571 363 3612 notrae,
392 3561 420 3604 et
440 3553 522 3603 Parr.
549 3552 577 3603 2.
602 3550 630 3602 6.
658 3552 685 3604 7.
712 3552 846 3621 Arebiep.
872 3554 940 3606 Bas.
960 3571 1028 3604 raom.
1054 3569 1115 3604 emn
1130 3549 1281 3620 compendii
1294 3547 1341 3593 uolt

175 3655 180 3664 -
274 3623 341 3676 Par.
362 3623 388 3676 l.
413 3625 533 3692 praehet
552 3625 641 3674 neusin
666 3625 694 3673 in
717 3624 772 3674 fine
789 3624 898 3684 lineae,
931 3631 959 3677 ct
981 3640 1049 3674 unus
1069 3622 1135 3672 Par.
1149 3621 1181 3684 ,4.
1204 3639 1262 3676 eum
1282 3616 1341 3667 atter·
1369 3643 1370 3654 κ

275 3694 362 3746 Barb.
377 3713 479 3764 nomen,
500 3695 574 3763 quod
589 3713 604 3744 a
616 3693 758 3762 plerisque
770 3702 923 3763 receptum,
942 3695 1020 3744 nulla
1034 3694 1101 3744 satis
1116 3699 1195 3745 certa
1212 3687 1341 3743 auctoriate

275 3767 405 3816 munitur.
437 3785 461 3818 v.
480 3773 537 3817 not.
560 3766 653 3815 ador.
669 3784 696 3833 p.
714 3765 822 3815 LMan.
846 3763 934 3832 §.dd
961 3794 992 3804 -
1030 3761 1084 3816 Est
1106 3769 1252 3832 praeterea
1272 3757 1342 3832 usitati

278 3832 409 3887 Ciceroni
427 3838 546 3888 locutio:
566 3853 664 3886 nomen
684 3836 768 3887 estin
785 3837 878 3886 litura.
916 3853 941 3888 v.
960 3853 983 3886 e.
1000 3836 1029 3886 in
1045 3833 1164 3886 Verr.1
1181 3832 1236 3885 562
1271 3827 1315 3907 Cu(

276 3923 368 3956 nomeu
387 3908 503 3978 infimum
519 3910 547 3958 in
562 3907 699 3973 lituraque
717 3907 769 3964 sit,
795 3925 842 3958 cos
861 3907 1059 3957 existimabitis.
1082 3905 1204 3966 1142.
1238 3900 1343 3952 Vidtltttt
1368 3916 1369 3919 ’

278 3983 361 4028 totum
385 3977 433 4028 boe
460 3997 553 4028 rsorrren
575 3996 630 4029 esse
652 3979 680 4026 in
703 3976 809 4027 litura?
845 3994 871 4028 r.
889 3977 958 4028 ibid.
975 3993 1035 4045 cap.
1053 3973 1092 4026 76
1108 3983 1135 4028 et
1152 3975 1200 4028 76.
1217 4003 1246 4013 -
1268 3970 1342 4029 Cibi·

280 4047 411 4098 Cluentio
435 4047 489 4100 lde
528 4046 594 4098 Cani
611 4047 725 4099 tabulas
745 4046 930 4116 prehendisset
959 4047 1143 4118 Oppianicus,
1175 4046 1256 4115 stipite
1280 4039 1342 4106 tepet·

278 4118 396 4176 deleuit,
415 4127 442 4169 et
456 4138 487 4170 ne
504 4121 596 4171 lituris
613 4121 692 4189 arqui
706 4125 813 4187 posset,
838 4126 1020 4171 testaruentum
1037 4120 1065 4169 in
1082 4118 1153 4170 alias
1170 4115 1270 4167 tubulm
1281 4117 1340 4160 trau·

278 4191 405 4258 scriptum
421 4192 505 4260 siquis
523 4190 683 4249 adulterinis
703 4189 867 4258 obsiqrsauit.

332 4259 356 4327 ξ.
384 4259 431 4326 lQ.
475 4261 668 4330 impertiebant.
714 4261 854 4314 Revocavi
882 4258 953 4310 bane
985 4259 1096 4310 Erfurt.
1127 4257 1213 4308 Barb.
1242 4251 1303 4305 011.
1325 4243 1340 4290 ⁶¹

280 4331 398 4383 omnium
422 4333 482 4384 t'ere
503 4332 584 4383 Parc.
609 4339 691 4400 atquc
713 4333 799 4384 Bavv.
823 4330 1094 4390 coddleetionem,
1128 4327 1282 4398 praesertim
1302 4325 1339 4367 Ψ

280 4401 384 4454 Cicero
412 4403 472 4456 tere
497 4419 605 4472 semper
626 4401 678 4456 hae
702 4403 793 4454 forma
815 4407 919 4454 utatur.
953 4417 979 4454 r.
1000 4419 1029 4472 p.
1050 4401 1082 4452 S.
1103 4399 1207 4452 ltoseio
1222 4397 1243 4450 d
1257 4397 1339 4452 extr-t·
