2824 5018
406 350 505 418 nno
526 355 805 416 nvmunnnn.
1082 363 1165 448 503
1212 379 1216 385 ⁴

134 525 213 588 Gar.
230 526 333 590 xlx.
371 527 438 590 Sed
460 529 489 589 si
510 526 591 588 haee
612 525 736 588 leviora
758 521 870 600 ducis,
892 547 974 608 qnae
995 535 1073 588 sunt
1094 539 1164 608 grak

60 607 218 682 vissima,
252 620 293 672 et.
311 612 395 672 hanc
424 613 575 672 urbanam
597 611 854 690 suffragationem
875 611 1007 670 militari
1031 619 1172 692 antepoe

61 691 143 750 nis:
167 693 234 753 noli
256 693 404 756 ludorum
425 695 519 755 huius
543 693 746 774 elegantiam,
771 701 803 754 et
824 699 941 753 scenae
959 694 1164 772 magnificen-

60 775 148 835 tiam
169 775 262 835 valde
287 761 515 851 contemnisne
549 799 630 859 quae
659 776 735 837 huic
763 776 932 837 admodum
962 778 1163 857 profuerunt.

63 857 153 918 Nam
183 859 261 940 quid
295 883 353 940 ego
385 861 508 934 dicam,
541 865 696 942 populum
728 883 764 920 nc
795 859 910 938 vulgus
944 859 1164 939 imperitorum

61 939 157 1000 ludis
187 963 380 1024 magnopere
411 944 593 1005 delectari?
626 945 729 1002 minus
757 951 807 1003 eat
831 943 1017 1004 mirandum.
1046 965 1163 1026 quam·

64 1045 170 1105 quam
184 1024 260 1084 huic
284 1048 398 1087 causae
420 1027 454 1085 id
471 1027 550 1088 satis
569 1034 628 1086 est.
661 1035 736 1086 sunt
759 1027 843 1086 enim
857 1025 972 1107 populi
995 1048 1030 1088 sc
1053 1027 1162 1086 multi·

63 1107 193 1174 tudinis
217 1109 371 1172 comitiis
399 1110 506 1185 Quare
524 1111 569 1168 .si
599 1109 718 1188 populo
748 1110 896 1170 ludorum
924 1109 1212 1188 magnificentia59

7 1239 8 1264 2
64 1189 233 1268 voluptati
256 1201 325 1264 est,
357 1213 423 1252 non
445 1202 494 1252 est
515 1192 714 1262 mirandum,
748 1214 816 1252 eam
838 1191 874 1251 1..
896 1191 1053 1252 Murenae
1078 1193 1163 1274 apud

62 1271 222 1352 populum
253 1275 425 1356 profuisse.
446 1301 449 1306 ·
467 1277 532 1336 Sed
556 1275 584 1334 si
606 1275 817 1356 nosmetipsi,
851 1275 907 1355 qui
939 1283 971 1334 et
994 1277 1032 1335 ah
1055 1277 1163 1336 delec-

63 1355 306 1434 tationeomni
324 1358 697 1439 negotiis-impedimur,
731 1367 763 1418 et
792 1359 827 1418 in
854 1357 926 1438 ipsa
949 1359 1163 1439 occupatione

66 1437 307 1501 delectationes
337 1441 416 1501 alias
444 1443 560 1502 multas
591 1441 711 1500 habere
732 1453 922 1522 possumus,
947 1440 1034 1501 ludis
1057 1449 1165 1502 tamen

66 1519 275 1582 oblectamur·
293 1531 325 1583 et
347 1524 512 1596 ducimur,
550 1524 627 1606 quid
642 1533 689 1584 tu
713 1525 869 1584 admirere
892 1525 932 1582 d‘e
954 1525 1162 1584 multitudine

67 1603 230 1664 indocte?
274 1606 310 1665 1..
333 1606 443 1679 Otho,
466 1606 648 1679 virfortis,
663 1629 753 1667 meus
777 1607 992 1680 necessarius,
1017 1607 1161 1690 equestri
1172 1613 1216 1668 40

9 1741 13 1748 .
70 1687 181 1746 ordini
202 1689 348 1751 restituit
370 1710 435 1752 non
457 1691 559 1750 solum
582 1690 796 1768 dignitatem,
819 1691 878 1751 sed
901 1691 996 1750 etiam
1018 1689 1166 1770 volupta-

68 1776 148 1830 tem.
191 1769 307 1854 ltaquc
324 1771 378 1831 lex
394 1771 488 1844 haee,
511 1792 592 1856 quae
611 1773 652 1832 ad
665 1773 760 1832 ludos
776 1774 930 1852 pertinet,
954 1780 1006 1833 est
1027 1773 1166 1833 omnium

66 1851 274 1931 gratissima,
313 1855 399 1936 quod
432 1855 660 1916 honestissiuso
695 1855 825 1927 ordini,
866 1877 937 1915 cum
969 1855 1165 1935 splendore,

7 1993 12 2012 ρ
67 1936 193 1995 fructus
227 1957 353 2019 quoque
384 1937 596 1998 iucunditatis
626 1945 676 1998 est
697 1937 880 1999 restitutus.
924 1937 1030 2012 Quare
1054 1937 1164 1997 delec-

68 2026 141 2079 tant
164 2019 330 2092 homiues,
352 2020 430 2080 mihi
453 2023 570 2095 crede,
593 2020 682 2092 ludi,
706 2022 801 2082 ctiam
822 2020 912 2092 illos,
935 2021 990 2100 qui
1014 2020 1165 2081 dissimu-

7 2161 8 2164 ,
70 2103 158 2172 lant,
191 2123 255 2162 nou
287 2103 389 2163 solum
421 2127 500 2178 eos,
529 2104 588 2186 qui
619 2106 781 2164 fatentur:
825 2104 911 2186 qnod
942 2124 1001 2182 ego
1030 2103 1065 2162 in
1093 2124 1165 2170 mea

7 2183 8 2188 ’
76 2183 233 2264 petitione
256 2187 353 2245 sensi.
377 2208 446 2262 uam
469 2209 528 2248 nos
553 2209 680 2269 quoque
703 2186 870 2245 habuimus
888 2187 1016 2244 scenam
1037 2207 1164 2266 compe-

76 2267 222 2326 titricem.
268 2269 394 2344 Quodsi
418 2291 499 2350 ego,
526 2271 587 2352 'qui
619 2270 723 2330 trinos
746 2270 840 2330 ludos
865 2269 981 2328 aedilis
1003 2269 1163 2342 feceram,

1194 742 1216 794 1

73 2405 170 2415 *—

70 2474 166 2523 l'crunt
185 2479 246 2524 ante
262 2474 326 2542 jure
351 2482 471 2528 vocatas.
507 2475 567 2524 Illos
587 2475 656 2524 eninr
675 2475 783 2533 fuerat,
808 2475 873 2525 bina
890 2477 996 2526 omnino
1016 2477 1049 2526 de
1065 2476 1161 2526 iisdem

66 2544 219 2594 candidatis
244 2546 353 2594 comitia
374 2545 451 2594 fieri:
479 2563 592 2610 quorum
616 2545 705 2595 tribus
730 2546 834 2612 primae
851 2547 1063 2613 praerogativae
1089 2547 1161 2598 dicc-

64 2615 184 2671 bantur‚
211 2616 284 2681 quod
303 2615 390 2682 primo
407 2625 590 2680 rogarentur,
619 2633 685 2682 qnos
702 2616 946 2681 vellentconsules
962 2617 1040 2668 lieri:
1066 2632 1160 2667 secun·

59 2686 134 2743 dae,
150 2685 213 2752 jure
231 2694 360 2744 vocatae,
380 2687 452 2751 quod
463 2685 490 2733 in
507 2683 568 2744 his,
595 2693 725 2752 sequente
740 2687 861 2754 populo,
892 2695 921 2737 ut
936 2705 1017 2756 saepe
1035 2688 1160 2754 contigit,

64 2755 320 2824 praerogativarum
343 2757 528 2814 voluntatem,
547 2755 611 2823 jure
635 2759 723 2807 omnia
746 2757 959 2825 complerentur.
995 2759 1098 2806 Ascon.
1125 2755 1161 2804 ad

67 2825 150 2875 Verr.
168 2825 205 2874 A.
223 2824 251 2880 9.
288 2820 360 2876 Ilinc
377 2825 442 2877 Cic'.
466 2844 493 2893 p.
516 2826 609 2876 Plunc.
634 2824 688 2877 202
727 2827 785 2876 Una
813 2830 931 2877 centuria
954 2834 1056 2876 tanturn
1079 2825 1159 2876 babet

65 2896 254 2954 artctort'tntis,
282 2902 311 2944 nt
328 2915 401 2947 nemo
417 2898 628 2963 nmquamprior
645 2915 701 2946 eam
721 2898 828 2953 unierit,
856 2899 919 2962 ιμιίιι
936 2895 1103 2946 renuntiatus
1122 2897 1160 2944 sit

7 2975 8 2980 ’
65 2973 114 3014 unt
136 2965 170 3014 iis
185 2967 257 3033 ,ipsis
279 2969 390 3017 emnitiis·
415 2967 520 3023 consid,
547 2976 595 3016 rant
618 2973 687 3017 certe
707 2969 735 3016 ἰιι
758 2967 832 3016 illum
859 2985 970 3014 annnm:
996 2965 1107 3014 nedilcm
1129 2972 1159 3014 tn

65 3035 205 3084 Plancium
218 3034 317 3102 facturn
334 3035 454 3095 miraris,
481 3037 554 3106 eninr
573 3039 601 3086 in
624 3036 722 3086 horrore
744 3055 796 3085 non
814 3037 891 3085 nnius
912 3037 994 3084 tribus
1007 3053 1086 3102 pars,
1111 3035 1159 3085 sed

65 3107 172 3156 coniitia
194 3112 250 3154 tota
270 3109 381 3156 cnnritiis
404 3106 506 3173 fiterint
527 3109 739 3175 prneropativa?
775 3123 800 3158 v.
818 3106 943 3158 Liv.111
961 3105 1009 3158 ol.
1039 3106 1091 3155 IX.
1106 3105 1156 3157 58.

64 3175 138 3226 XXI
155 3175 179 3223 ὅ.
200 3173 301 3225 XXIV
317 3176 396 3228 7-9.
420 3176 521 3227 XXVI
538 3175 586 3227 Ἠ.
1089 3235 1091 3240 Ι

118 3243 198 3296 XIX.
217 3245 238 3312 §.
249 3245 297 3296 40.
320 3247 351 3296 L.
362 3247 474 3297 Roscius
487 3246 566 3302 Otho,
584 3243 639 3296 trib
659 3243 696 3310 pl.
708 3262 723 3293 u
740 3242 810 3304 687,
830 3244 861 3295 C.
875 3243 1028 3316 Calpurnio
1038 3245 1155 3306 Pisone,

64 3315 102 3364 M.
124 3315 218 3365 Acilio
241 3315 395 3368 Glabrione
417 3335 482 3368 coss.
508 3318 597 3384 legem
621 3315 702 3373 tulit,
729 3320 761 3365 ut
783 3316 919 3382 equitibus
939 3315 973 3364 R.
997 3317 1025 3365 in
1048 3314 1156 3365 theatro

66 3381 271 3452 quatuordecim
294 3389 394 3454 gradus
411 3388 528 3456 proximi
547 3387 764 3452 adsignarentur.
801 3386 852 3435 Liv
870 3387 933 3452 epit.
952 3385 1001 3434 90.
1038 3386 1080 3434 Ex
1107 3403 1156 3444 eo,

65 3454 140 3523 quod
165 3461 193 3504 et
214 3455 288 3506 Vell.
312 3455 422 3508 Patere.
443 3457 550 3516 1152,
576 3457 595 3506 ὅ
627 3455 738 3514 scribit,
772 3455 907 3506 Othonem
935 3455 1071 3522 equitibus
1095 3457 1157 3504 locu

64 3525 229 3584 restituisse,
248 3527 386 3578 Puteanus
403 3529 574 3595 suspicatur,
595 3527 699 3593 equites
717 3526 863 3592 aliquando
878 3533 939 3576 ante
951 3526 1020 3576 hanc
1036 3525 1156 3576 theatra·

65 3597 119 3645 lcnr
136 3594 225 3662 legem
243 3599 506 3668 separatisaplebe
525 3599 593 3648 locis
608 3597 719 3647 sedisse.
756 3595 977 3648 scortatore.
998 3596 1050 3646 15:
1086 3598 1156 3650 Τῶν

63 3669 119 3734 γὰρ
141 3667 261 3720 ἱππικῶν
283 3672 421 3741 πρότερον
444 3673 472 3724 ἐν
494 3677 558 3734 τοῖς
579 3669 714 3740 θεάτροις
738 3667 977 3738 ἀναμεμιγμένων
998 3675 1062 3728 τοῖς
1085 3663 1156 3721 nol.-

65 3735 150 3806 λοῐς,
170 3739 220 3788 καὶ
235 3740 310 3805 μετὰ
322 3745 379 3808 τοῦ
396 3736 493 3808 δήμου
510 3738 681 3821 θεωμένων,
703 3740 739 3800 ὼς
759 3733 863 3806 icore,
891 3741 1000 3808 πρῶτος
1020 3734 1157 3810 διέκρινεν

65 3807 111 3859 ἐπὶ
125 3810 196 3876 τιμῇ
211 3810 279 3871 τοὺς
298 3809 398 3874 iunia<
416 3813 473 3864 αιτὸ
491 3811 548 3870 των
566 3807 666 3861 αλλων
682 3804 809 3861 πολιτῶν
826 3802 1054 3878 ΜάριοςὛΟθων
1070 3823 1155 3880 οτρα-
1200 3823 1207 3836 ·

64 3878 167 3938 ταγῶν.
203 3875 307 3931 Τοῦτο
325 3885 394 3950 πρὸς
412 3877 533 3943 ἀτιμίαν
553 3877 569 3932 ὁ
588 3875 681 3946 δῆμος
699 3873 795 3947 ἔλαβε,
815 3881 866 3929 καὶ
883 3877 1025 3946 φανέντος
1042 3879 1071 3930 ἐν
1085 3877 1155 3931 θεά-

64 3959 121 4012 τρῳ
143 3947 200 3998 τοῦ
214 3943 365 4016 Ὄθωνος,
401 3947 560 4020 ἐφυβρίζων
582 3949 744 4020 ἐσύριττον,
776 3947 805 4000 oi
833 3945 858 3998 δ’
890 3946 982 4016 inuste
1004 3945 1155 4012 ὑπέλαβον

63 4017 157 4083 κρότῳ
173 4021 225 4068 τὸν
243 4013 337 4089 ἄνδρα
356 4017 499 4088 λαμιιρως.
516 4045 547 4056 -·
583 4015 660 4072 Ἐπεὶ
683 4015 708 4070 δ’
734 4021 749 4070 ὁ
765 4017 890 4085 Κικέρων
907 4017 955 4080 rins
970 4016 1154 4087 πυθόμενος,

63 4087 116 4136 καὶ
130 4091 183 4137 τὸν
198 4081 292 4155 δῆμον
307 4085 463 4153 ιἰιιαλέσας
479 4107 498 4140 n
517 4093 548 4152 ὸς
564 4093 599 4142 τὸ
614 4091 664 4151 τῆς
678 4087 799 4148 Ἐνυοῦς
817 4087 909 4157 ἱερὸν,
936 4085 1085 4154 ἐπετίμησε
1103 4087 1155 4140 καὶ

64 4149 219 4224 παρῄνεσεν
229 4197 238 4226 ,
268 4157 443 4222 ἀπελθόντες
460 4105 547 4220 adite
564 4165 603 4222 εἰς
618 4162 653 4210 τὸ
671 4155 797 4228 θέατρον
813 4157 951 4224 ἐκρότουν
967 4161 1021 4210 τὸν
1033 4152 1155 4210 Ὄθωνα

65 4221 105 4276 λα

93 4226 223 4334 Ιριιιραῑςζ
248 4230 299 4280 καὶ
315 4235 383 4304 πρὸς
400 4225 471 4292 τοὺς
487 4229 586 4301 ἰιιιιέας
603 4223 734 4296 ἅμιλλαν
747 4229 903 4280 ἐποιοῦντο
919 4231 980 4300 nupt
994 4228 1086 4296 τιμῶν
1102 4227 1156 4280 καὶ

65 4290 152 4364 δορις
167 4309 223 4346 του
241 4293 352 4371 ἀνδρὸς.
844 4313 847 4325 ·
1048 4309 1053 4324 ’

149 4361 155 4374 e

119 4367 204 4412 trinos
218 4362 302 4416 ludos.
340 4369 473 4418 Gereaies
490 4367 679 4424 nimiruum.
694 4366 720 4416 d.
734 4365 779 4415 lv
796 4365 863 4416 Idus
882 4326 991 4435 April,
1014 4361 1153 4420 Floralia.
