2854 5024
328 340 410 400 PRO
429 335 517 400 SEX.
536 285 690 400 208&ss
708 339 906 403 mnino.
934 431 940 436 ι
1113 347 1170 432 25

67 522 190 590 strunt,
212 531 285 577 cun
300 509 560 594 psterhuinsce,
581 509 658 577 sex.
678 509 842 589 Roscius,
865 511 963 578 homo
979 519 1046 578 tem
1058 515 1171 600 splen·

66 601 160 661 didus
178 607 213 660 et
228 597 404 679 gratiosus,
425 593 516 662 nullo
531 593 666 675 negotio
682 596 726 656 sit
741 597 886 671 occisus,
906 598 1065 678 perfacile
1082 601 1170 664 hunc

65 683 242 756 hominem,
272 681 461 752 incautum,
492 685 527 740 et
542 678 718 752 rusticum,
749 687 782 740 et
799 679 921 742 Remus
937 681 1105 764 ignotum,
1128 687 1170 746 de

64 768 169 828 medio
197 764 274 826 tolli
299 785 409 845 posse.
449 761 491 822 ud
516 783 584 822 eam
607 783 675 850 rem
695 771 826 843 opernm
846 785 937 828 suam
958 764 1168 847 pollicentur.
1216 777 1219 786 ’

64 851 111 911 Ne
129 850 254 910 diutins
267 869 326 909 vos
344 855 493 920 teneam,
514 845 662 924 indices,
685 845 828 908 societas
850 847 968 912 coitur.

123 933 203 995 Gne.
226 931 326 992 VIII.
370 930 453 990 Cum
466 928 530 990 inm
545 929 938 1012 proscriptionis'mentio
957 930 1047 992 nullu
1062 933 1169 1009 heret,
1179 933 1218 989 21

64 1039 132 1079 cum
173 1016 295 1088 etiam,
344 1013 401 1096 qui
439 1020 536 1074 antea
586 1020 770 1074 metuerent
778 1055 790 1086 ,
830 1014 999 1088 redirent,
1027 1037 1081 1076 ue
1105 1017 1170 1080 iam

65 1102 237 1162 defunctos
257 1119 331 1158 sese
349 1096 507 1178 periculis
535 1096 789 1158 arbitrarentur:
822 1118 941 1158 nomen
970 1098 1112 1162 refertur
1134 1101 1180 1162 im

64 1183 188 1245 tubulus
222 1182 317 1245 Sexti
347 1180 478 1254 Roscii,
521 1179 661 1242 hominis
695 1179 931 1242 studiosissimi
961 1181 1169 1256 nohilitatis3

63 1289 211 1348 manceps
236 1267 274 1326 iit
290 1264 547 1348 Chrysogonus:
569 1265 634 1326 triu
650 1264 786 1344 preediu
807 1265 862 1326 vel
883 1265 1088 1326 nobilissima
1106 1267 1169 1328 Ga·

64 1351 166 1434 pitoni
183 1349 317 1434 propriu
333 1348 529 1420 truduntur,
554 1369 635 1432 quae
652 1346 751 1408 hodie
767 1349 934 1430 possidet:
967 1349 1003 1408 in
1021 1349 1168 1432 reliquas

65 1455 170 1495 omnes
188 1434 338 1494 fortunas
354 1431 419 1491 iste
439 1431 478 1491 Τ.
497 1429 638 1492 Roscius
656 1431 786 1492 nomine
805 1431 1035 1515 Chrysogoni,
1059 1455 1168 1516 quom·

67 1516 230 1578 admodum
249 1516 322 1596 ipse
341 1515 444 1588 dicit,
466 1514 638 1598 impetum.
652 1514 744 1578 fucit.
786 1515 883 1576 Haec
902 1515 989 1576 hone
1016 1517 1182 1596 sexagies
1234 1535 1240 1557 ¹

67 1599 107 1660 fl.
126 1601 158 1660 S.
189 1606 339 1674 emuntur
367 1598 494 1658 duobus
524 1598 667 1658 millibus
697 1620 869 1660 nummum.
917 1597 1012 1660 Haec
1030 1599 1176 1673 omum,

67 1683 200 1755 indices,
220 1673 426 1764 imprudente
445 1681 484 1740 1..
498 1681 593 1744 Sulla
608 1683 695 1742 fucta
716 1704 790 1744 esse
814 1689 905 1744 certo
927 1682 1007 1744 seio.
1050 1681 1165 1766 Neque

15 1813 17 1820 .
69 1767 149 1838 enim
173 1766 301 1838 mirum,
335 1787 414 1828 cum.
426 1764 541 1826 eodem
558 1773 706 1846 tempore
726 1774 763 1848 ‚et
788 1787 847 1840 en,
879 1766 1215 1848 quuepraetcritnw

71 1847 224 1922 surh-it
248 1869 304 1924 eu,
339 1869 422 1932 quae
449 1847 604 1909 uidentur
626 1849 770 1922 insture,
802 1856 997 1931 praeparet3
1032 1870 1103 1910 cum
1133 1858 1166 1912 et

70 1931 155 2012 peci's
173 1931 420 1994 =coustitnendne
437 1931 614 2002 rationem,
631 2002 634 2012 Ι
650 1931 787 1992 ethelli
809 1931 946 2010 gerendi
966 1939 1166 2013 potestatem
1215 2003 1221 2016 .

76 2016 156 2076 solus
173 2013 308 2088 haheel3
342 2037 413 2076 cum
431 2035 541 2075 omnes
558 2015 594 2075 in
620 2035 718 2074 unum
739 2015 911 2094 spectent,
939 2037 1037 2078 unus
1058 2017 1166 2090 omniu

74 2095 236 2178 guhernet3
273 2097 345 2158 eum
374 2104 432 2158 tot·
450 2099 622 2181 ‘tantisque
655 2099 799 2177 negotiis
829 2099 995 2160 distentus
1022 2099 1092 2170 sit,
1128 2107 1166 2160 ut

67 2183 216 2264 respirare
236 2181 428 2241 lihere·non
445 2181 575 2262 possit;
607 2179 645 2239 si.
663 2180 792 2264 aliquid
815 2202 882 2262 non
908 2181 1164 2246 animadvertam

67 2287 131 2325 cum
157 2264 354 2348 pracsertim
384 2271 450 2324 tom
466 2263 576 2336 ,multi
595 2265 844 2345 occupationem
870 2264 1165 2341 eiusohservent,

63 2356 250 2434 tempusque
278 2355 502 2428 aucupentur,
539 2355 598 2421 ul,
633 2347 730 2409 simul
752 2355 850 2432 utque
870 2347 930 2409 ille
953 2335 1166 2433 despexerit,

61 2511 154 2524 m

60 2585 148 2672 Quint.
161 2587 214 2654 ¹t'r.
236 2601 314 2672 15.
333 2599 370 2652 8ι
409 2595 540 2650 Constare
559 2599 631 2651 inter
651 2593 738 2649 emices
760 2584 843 2651 voisleo
866 2630 899 2642 —
921 2602 1024 2653 nullius
1047 2603 1166 2672 inopiam

57 2695 86 2726 ac
108 2673 282 2727 solitudinem
305 2689 357 2723 non
380 2670 455 2723 niodo
478 2670 528 2720 illo
549 2669 679 2739 populari
701 2687 813 2722 necessa
833 2687 866 2721 no
882 2672 1032 2732 trihurnalt,
1066 2673 1165 2739 sedne
1274 2719 1276 2722 .
1313 2692 1317 2702 ’

56 2747 126 2796 domo
156 2743 266 2814 quidem
301 2749 328 2793 et
350 2743 472 2794 eubiculo
495 2755 551 2790 esse
577 2741 720 2790 exelnsam.
763 2759 791 2810 p.
820 2740 916 2809 Quint.
944 2743 978 2795 I:
1017 2744 1164 2812 Praesidio
1202 2791 1206 2798 ‚

53 2817 133 2888 sense
147 2816 276 2870 videbere
289 2821 385 2866 contra
398 2815 453 2866 vim
468 2819 495 2864 et
504 2811 625 2884 qratiam
638 2810 782 2862 solitudini
797 2819 878 2882 utque
891 2814 1008 2886 inopiae.
1035 2833 1061 2869 v.
1077 2815 1164 2869 Verr.
1217 2841 1220 2851 =

56 2890 80 2940 I·
96 2888 208 3015 iiim,
227 2923 343 3008 virhum
359 2954 480 3006 solemne
492 2949 565 3021 juris
575 2949 619 3012 n.
634 2949 664 3004 in
675 2950 728 3034 huc
742 2969 784 3004 re.
802 2967 828 3005 v.
844 2937 922 3005 Phil.
929 2946 971 3004 11.
983 2951 1031 3006 10.
1051 2949 1163 3023 Digest-

58 3021 110 3091 1⁷,
130 3029 158 3082 2.
201 3025 267 3080 Gaii
279 3021 553 3092 Inst.111.§.148.
590 3067 591 3070 ,
800 3071 802 3078 ,
1132 3069 1137 3076 ,

102 3099 192 3151 VIII.
228 3099 252 3166 ᾗ.
271 3095 321 3149 21.
360 3093 426 3146 Cum
435 3096 505 3166 jam.
544 3093 591 3144 Itu
615 3111 648 3146 ex
671 3075 753 3145 codd.
778 3111 811 3146 ex
826 3093 954 3145 Diomed.
968 3091 994 3144 1.
1007 3091 1163 3168 psas-38
1246 3118 1249 3128 ·

57 3179 82 3224 et
98 3171 233 3226 charisio
243 3167 301 3219 111.
318 3187 346 3238 p.
363 3166 434 3234 255.
451 3165 586 3216 edendum
601 3166 713 3234 putavi,
742 3173 857 3233 quorum
874 3170 1010 3232 uterque,
1040 3165 1164 3233 quemuis
1267 3207 1270 3218 .

57 3244 143 3296 obiter
160 3243 268 3300 citans,
288 3240 317 3288 in
335 3255 367 3290 eo
385 3236 541 3294 consentit,
560 3241 592 3286 ut
605 3239 667 3286 cum
685 3235 751 3286 Par.
773 3235 799 3286 I.
817 3236 985 3304 particulam
1002 3237 1163 3290 etomittut.
1205 3249 1208 3266 ¹

55 3315 163 3365 Verba:
190 3309 310 3381 refertur·
334 3337 366 3348 --
389 3307 486 3362 Roscii
507 3307 701 3357 desiderantur
725 3306 753 3356 in
777 3307 857 3357 codd.
882 3311 910 3357 et
933 3307 995 3358 odd.
1018 3323 1104 3374 nsque
1128 3309 1180 3362 nd.

57 3385 215 3437 Graevinm.
252 3381 327 3432 Hinc
346 3379 478 3437 editores,
501 3382 533 3428 ut
551 3381 657 3429 sensum
672 3378 807 3446 quendum
828 3373 971 3437 elicerent,
990 3384 1026 3433 τὸ
1042 3391 1163 3448 manceps

54 3456 83 3526 fit
98 3451 347 3525 praecedentibus:
366 3449 480 3500 hominis
491 3454 543 3500 etc.
557 3466 643 3516 prate
654 3449 870 3518 conjunxerunt,
889 3465 978 3517 neque
995 3449 1065 3499 enim
1080 3448 1162 3498 homi·

55 3529 93 3577 nis
112 3518 258 3594 mancipem
276 3523 436 3590 quemquam
453 3519 509 3571 diei
526 3520 667 3588 reperies,
687 3535 775 3588 neque
792 3536 824 3570 eo
839 3537 936 3579 sensu,
956 3525 1055 3590 utnon
1073 3518 1163 3572 solum

55 3597 124 3648 hona
139 3597 217 3666 ejus,
244 3594 393 3648 sedetiam
409 3591 493 3644 sitnm
512 3587 694 3658 Chrysogono
712 3591 850 3650 addictam
867 3609 943 3650 esse,
972 3590 1160 3660 significaret,

56 3667 109 3719 diei
126 3667 221 3738 potuit
231 3676 244 3728 3'
258 3670 412 3734 propterea
427 3662 505 3729 quod}
521 3661 552 3712 S.
567 3661 685 3714 Roscius
703 3668 803 3728 puter,
832 3663 866 3712 de
891 3679 944 3730 quo
971 3660 997 3710 h.
1022 3660 1042 3711 l.
1070 3679 1161 3712 sermo

56 3746 113 3800 est,
133 3746 162 3791 et
181 3737 288 3788 occisus
304 3740 332 3787 et
348 3733 472 3803 sepultus
491 3738 560 3784 erut.
594 3732 726 3800 Manceps
744 3733 856 3792 dicitur,
876 3734 923 3801 qui
941 3733 1009 3800 quid
1024 3741 1040 3781 'a
1056 3732 1161 3801 populo

56 3811 127 3870 emit,
148 3808 324 3868 conducitur,
344 3806 409 3874 quin
423 3821 505 3855 manu
519 3803 628 3854 sublata
643 3803 790 3870 significat,
809 3821 838 3854 se
858 3810 999 3855 auctorem
1015 3804 1161 3871 emptionis

56 3899 121 3934 esse.
157 3875 371 3931 Festinvoce.
399 3866 890 3928 v.Ascon.udI)ir.inVerr.10.
927 3873 999 3941 Nep.
1016 3873 1078 3925 An.
1096 3872 1125 3925 6.

106 3953 129 4020 5.
150 3951 202 4004 22.
237 3948 398 4020 despexerit.
434 3946 589 4016 Respicere
611 3943 637 3994 h.
659 3944 678 3996 l.
701 3963 872 4014 nequaquam
898 3949 939 3995 est
963 3945 1076 4006 videre,
1109 3957 1161 3996 nec

56 4022 185 4074 deorsum
200 4021 325 4091 aspicere
341 4025 369 4070 et
384 4024 577 4077 contemnere,
598 4017 747 4085 quodvult
764 4016 920 4074 Graevius,
941 4016 990 4066 sed
1005 4017 1101 4067 oeulos
1114 4015 1162 4068 iel

57 4095 173 4144 animum
190 4094 223 4144 uh
241 4092 334 4160 alique
350 4107 380 4141 re
397 4094 542 4150 evertere3
563 4105 616 4156 quo
633 4105 713 4138 sensu
727 4087 841 4158 despicere
862 4115 894 4126 -
916 4086 1053 4137 demovere
1070 4086 1161 4136 oculos

57 4167 165 4232 saepius
189 4165 294 4232 legitur
319 4162 391 4232 spud
417 4149 594 4212 Ciceronem..
627 4157 700 4209 Phil.
714 4157 739 4210 Ι.
758 4158 793 4210 Is
829 4157 885 4208 Nec
903 4175 921 4208 ιι
935 4175 990 4226 rep.
1005 4155 1161 4225 dep'iciebam
1208 4200 1212 4210 ,

57 4237 155 4288 oeulos.
192 4235 277 4286 Verr.
297 4233 334 4290 ll.
359 4230 408 4284 ⁷1.
433 4249 494 4300 pm:
534 4230 660 4280 Wdemus
688 4259 720 4270 -
744 4230 771 4280 si
794 4229 927 4280 tnntnlram
954 4228 1045 4290 oculos
1060 4227 1160 4298 dq‘eee·

57 4301 164 4366 rim,
178 4293 289 4378 praesto
317 4321 373 4354 esse
390 4302 514 4354 insidias.
558 4299 625 4352 Te‘r.
642 4299 698 4351 Ad.
714 4299 757 4353 11.
774 4296 884 4362 mdc
918 4295 992 4353 Cave
1013 4315 1081 4349 aenne
1102 4297 1161 4368 iam

59 4378 146 4432 centos
161 4393 181 4430 ιι
196 4376 260 4433 anis
278 4373 363 4432 neatis
378 4377 512 4446 quoquam
525 4365 664 4427 demonem
678 4377 747 4424 taos.

1183 3915 1197 3951 l

1016 4421 1020 4427 “
1094 4426 1101 4457 t
