2766 5018
292 415 376 492 ὥς
674 409 1003 469 onarro

361 577 526 650 Italiamque
544 585 671 640 teneret;
698 576 746 630 nbi
763 585 871 633 senatus
888 577 1061 650 populusque
1079 576 1229 638 Romanoa,
1251 575 1328 631 ulim-

360 651 473 722 palslica
488 656 572 702 easetr
591 651 652 720 quis
668 647 766 702 deiude
783 657 847 722 post
862 649 895 701 L.
911 649 1067 710 Lentulum,
1086 648 1121 702 (l.
1136 648 1280 702 Marcellum
1291 669 1329 702 ru·

358 722 402 774 aul
421 726 508 773 cssetr
534 720 583 772 aed
603 727 694 773 tamen
719 736 749 771 se
773 721 924 774 concedere
944 721 975 771 id
995 719 1098 772 factum
1115 719 1283 788 superioribus
1295 721 1329 772 sris

359 791 520 851 beneficiis,
547 791 637 844 veteri
659 789 778 860 hospitio
804 798 886 859 atque
912 791 1065 850 amicitiae,
1093 790 1219 858 dignitati
1238 791 1329 858 aetatique

359 861 491 921 hominis,
518 862 772 932 pacatianorum,
800 862 845 931 qni
866 861 1025 931 frequentes
1044 860 1242 916 concurrissent
1254 861 1332 930 hospites

359 931 1052 1070 :lffimtlll‘tilglritll‘“tlt'ttl‘
1071 929 1331 1068 itttltttltlll

358 1073 489 1124 restitnit.
525 1071 674 1140 Legionem
690 1078 794 1132 autem,
823 1090 902 1141 quam
919 1089 952 1124 ex
968 1088 1071 1140 genere
1087 1073 1187 1123 civium
1203 1071 1330 1124 suornnlle

355 1143 464 1213 jotarua
492 1151 630 1194 umatura
657 1141 856 1212 disciplinaque
882 1143 1006 1194 Romana
1039 1143 1214 1194 constitutam
1240 1141 1331 1197 libelii,

357 1213 757 1341 ttittttttfirsstlttll
775 1212 1332 1355 ltili,titl‘llttlt‘tct'tss

358 1359 387 1406 et
404 1353 593 1422 Troginarum
614 1350 792 1404 tetrarchiam
819 1353 938 1422 eripuit,
968 1371 1080 1422 eamque
1100 1352 1254 1405 Mithridati
1270 1351 1332 1418 Pergr-

355 1441 452 1484 meno,
471 1423 592 1474 asseclae
609 1441 674 1483 sno,
689 1424 753 1492 jure
769 1425 860 1492 gentis
877 1430 905 1475 et
921 1425 1090 1492 cognationis
1109 1423 1278 1494 adjudicavit.
1292 1421 1333 1471 Bell.

354 1496 438 1546 Alex.
452 1490 500 1546 67.
516 1491 564 1543 68.
581 1491 628 1544 ⁷8.
662 1494 744 1543 Anno
761 1511 788 1546 u.
799 1512 821 1547 c.
836 1492 906 1554 ⁷09,
926 1513 1006 1562 quum
1027 1493 1104 1546 linito
1114 1491 1282 1566 Hispaniensi
1292 1491 1334 1542 tells
1366 1513 1367 1516 ¹

357 1564 462 1616 Caesar
479 1565 507 1613 in
516 1563 610 1614 urbem
630 1563 774 1624 rediisset,
794 1563 911 1623 Castor,
933 1565 1061 1634 Drjotari
1078 1582 1110 1615 ex
1125 1565 1204 1626 lilia,
1231 1581 1287 1633 quse
1298 1561 1335 1612 so-

357 1634 488 1686 condario
501 1639 643 1703 nupserat,
661 1651 746 1702 nepos
760 1635 873 1684 Romam
886 1635 971 1694 uenit,
989 1642 1020 1686 ut
1034 1653 1112 1687 avum
1130 1641 1277 1706 accusaret,
1291 1631 1335 1700 quui

250 1758 253 1766 ,
357 1703 505 1759 Caesarem
533 1722 547 1770 c
572 1703 648 1754 hollo
665 1694 790 1776 Pontico‘
804 1705 965 1755 redeuntem
983 1705 1056 1755 domi
1078 1724 1142 1757 suae
1160 1705 1335 1763 interficerem

356 1775 460 1826 luisset.
497 1773 669 1826 subornatus
689 1781 731 1828 est
748 1792 855 1844 quoque
872 1775 994 1828 medicus
1014 1775 1122 1844 quidam
1139 1771 1335 1850 Phidippus,pl

355 1864 415 1897 cum
439 1845 539 1912 legatis
559 1862 581 1910 a
604 1845 739 1914 Dejotaro
761 1847 874 1896 Romam
895 1846 991 1895 missus
1016 1852 1084 1898 erat.
1134 1845 1224 1914 Regis
1252 1860 1333 1900 causan,

354 1915 617 1982 alriisdemlegatis
635 1915 713 1966 adse
734 1915 868 1975 delatam,
895 1917 1016 1984 suscepit
1032 1913 1153 1974 Cicero,
1184 1933 1297 1983 reumque
1307 1911 1334 1962 lu

352 1985 480 2037 oratione
495 1987 569 2036 intra
583 1985 747 2036 domesticos
763 1984 891 2037 (laesuris
905 1987 1027 2056 parietes
1046 1985 1182 2041 defendit.
1219 1987 1335 2056 llcjotarrn

351 2076 373 2106 a
387 2057 477 2106 Bruto
493 2071 601 2124 quoquc
621 2054 849 2114 defensantem,
868 2062 963 2107 narrat
980 2054 1040 2107 (lic.
1058 2057 1094 2107 ad
1109 2057 1174 2108 Ate.
1191 2055 1260 2106 x1v
1275 2055 1298 2105 l:
1317 2051 1336 2098 lt

356 2126 442 2176 limato
460 2133 551 2176 nostro
571 2121 712 2175 Caesarem
728 2126 840 2176 solitum'
852 2125 948 2184 dicere,
966 2127 1055 2196 anagni
1072 2125 1165 2195 refert,
1185 2127 1229 2179 laic
1254 2123 1303 2194 quid
1314 2139 1335 2172 re

353 2197 406 2248 lits
425 2193 473 2246 sed
487 2195 616 2264 quidquid
632 2194 699 2254 uult,
718 2195 797 2246 ualde
810 2195 885 2246 culte
904 2195 984 2262 idque
996 2213 1053 2247 esua
1069 2197 1293 2254 enimoduertisse,
1305 2209 1335 2242 te!

321 2309 327 2316 .
353 2285 404 2336 pro
419 2266 547 2337 Deiotaro
564 2266 664 2318 Niceae
680 2265 790 2324 dixerit,
808 2265 888 2318 valde
904 2266 1068 2331 vehementer
1082 2285 1139 2318 eum
1153 2269 1239 2319 uisum
1252 2273 1274 2318 et
1287 2264 1335 2316 tter

357 2337 455 2389 dicere.

288 2423 323 2476 In
341 2421 464 2484 Exci-dio
483 2427 577 2474 orator
595 2421 650 2481 ait,
668 2437 717 2474 sna
735 2421 815 2473 animi
832 2421 1042 2492 perturbatione
1057 2421 1208 2494 plurimum
1225 2421 1272 2474 sibi
1286 2413 1335 2468 isrrl·

357 2492 422 2544 tatis
441 2493 476 2542 ad
491 2493 605 2544 salutem
621 2493 695 2561 regis
708 2492 836 2562 Dejotari
850 2493 1048 2546 defendendam
1063 2491 1182 2562 detrahi.
1219 2493 1281 2544 ‘l'uns
1294 2488 1336 2557 quir

358 2580 422 2629 que*
436 2561 515 2630 hujus
542 2562 648 2614 timoris
675 2581 769 2615 causas
794 2564 891 2625 affert,
927 2565 1019 2614 odium
1042 2565 1070 2614 in
1089 2563 1262 2616 adversarios
1277 2557 1336 2612 sinuli·

360 2632 542 2699 Caesarisque
559 2632 777 2688 benevolentiam
804 2642 831 2687 et
852 2636 1030 2687 attentionem
1048 2640 1140 2705 captat
1160 2636 1186 2703 5.
1208 2632 1280 2686 1-7.
1305 2625 1336 2678 Sel

277 2745 280 2758 ,
359 2709 503 2770 outhnam
521 2702 554 2754 de
573 2702 745 2755 accusatione
763 2705 824 2773 ipsa
842 2705 910 2756 dicit
929 2705 1048 2765 Cicero,
1068 2723 1163 2756 causas
1184 2703 1294 2774 exponit.
1311 2713 1335 2747 ⁶¹¹

360 2779 533 2825 accusatores
547 2772 657 2840 aliquid
674 2793 703 2825 sc
721 2793 738 2824 a
755 2774 875 2830 Caesare
896 2782 991 2826 contra
1005 2775 1168 2844 Bejoturum
1186 2775 1336 2842 impetraturos

360 2861 420 2894 esse
445 2842 622 2896 confiderent.
658 2843 757 2911 Itaque
778 2844 926 2897 Caesarem
951 2851 1028 2906 orat,
1054 2852 1101 2905 ut,
1131 2865 1216 2914 quum
1234 2841 1337 2895 ermentei

357 2915 482 2983 placatus
500 2919 578 2966 vetus
596 2931 655 2966 cunr
674 2915 808 2983 llejotaro
827 2915 974 2984 hospitium
992 2933 1125 2969 renovare
1143 2917 1271 2975 voluerit,
1287 2919 1336 2964 cist·

359 2992 387 3036 et
405 3001 512 3045 omnes,
538 2985 584 3050 qui
602 2986 675 3051 regis
694 3003 775 3036 causa
794 2985 937 3046 laborent,
962 2986 1014 3052 hoc
1032 2992 1106 3038 metu
1124 2985 1238 3039 liberet.
1269 2977 1336 3032 lleirlt

359 3055 496 3113 ostendit,
516 3053 677 3124 Dejotarum
695 3072 748 3106 non
767 3057 830 3109 odio
850 3055 979 3113 Caesaris
997 3073 1191 3127 progressum,
1216 3055 1262 3108 sed
1277 3064 1337 3103 erran

356 3126 490 3178 communi
513 3125 635 3194 lapsum,
667 3124 831 3190 Pharsalico¹
854 3121 961 3197 proelio
988 3125 1080 3186 lacto,
1106 3128 1272 3180 utilitatibus
1284 3121 1337 3192 ipsiu

318 3217 319 3222 ¹
357 3197 483 3264 paruisse
502 3196 525 3264 5.
544 3194 648 3248 8-14.
1092 3229 1094 3236 ι

289 3279 517 3349 Propositioaema
536 3281 698 3351 Dejotnrum
722 3297 815 3349 regem
828 3299 886 3335 non
903 3282 1022 3334 uoluisse
1041 3281 1192 3336 Gaesarem
1211 3280 1337 3335 interlicere,

285 3379 287 3382 ·
359 3352 461 3422 excipit
480 3348 654 3421 Confirmatio
672 3359 700 3404 et
719 3350 890 3420 Consumtis,
916 3355 944 3404 iu
963 3372 1015 3421 qua
1034 3353 1137 3405 Cicero
1155 3357 1268 3422 primum
1282 3356 1337 3398 asern-

358 3422 416 3482 dlt,
438 3422 604 3492 llejotarura
620 3423 710 3474 nullas
729 3423 835 3477 omnino
852 3424 968 3474 insidias
982 3426 1113 3477 struxisse
1134 3425 1264 3482 Caesarie
1283 3429 1337 3484 seqre

359 3493 429 3544 enim
446 3498 501 3544 tam
520 3497 598 3543 atrox
616 3493 721 3544 focinus
738 3494 766 3544 in
779 3495 908 3563 Dejotnri
920 3495 1093 3562 prudentiam
1110 3503 1194 3562 atque
1212 3493 1337 3564 probiane

358 3563 474 3623 eaderer
507 3563 781 3632 adversariorumque
809 3565 912 3617 crimen
935 3581 996 3618 non'
1012 3566 1092 3618 modo
1110 3583 1165 3622 uon
1185 3561 1336 3618 credibiliter·

357 3635 457 3686 sedne
480 3633 628 3701 suspiciose
647 3634 756 3702 quidem
774 3635 918 3694 confictum
937 3635 1037 3701 esse5.
1050 3634 1182 3687 ,tt-21.
1218 3637 1280 3686 Tum
1294 3626 1336 3679 nir·

178 3723 182 3730 ·
284 3728 287 3741 ¹
358 3711 401 3757 tat
416 3705 471 3756 reli
491 3720 552 3754 uam
570 3704 750 3756 accusationis
767 3712 891 3774 partem,¹
903 3706 1066 3775 Dejotnrum
1084 3723 1211 3773 magnum
1229 3700 1335 3756 exerciten

359 3781 455 3826 contra
473 3721 622 3826 {laesum
640 3791 829 3844 comparasse,
857 3781 937 3842 atque
963 3791 1071 3846 semper
1090 3777 1118 3826 iu
1133 3777 1255 3847 speculis
1271 3770 1335 3824 sdes·

359 3863 440 3912 quum
459 3845 546 3896 auimo
566 3851 639 3896 esset
656 3845 745 3896 alieno
765 3847 789 3914 5.
808 3845 931 3898 92-27.
966 3846 1110 3898 Postremo
1136 3849 1267 3898 acerrime
1281 3845 1335 3892 israe

357 3923 401 3966 tus
420 3917 448 3966 in
466 3922 655 3967 accusatorum
674 3917 858 3985 impietatem,
886 3917 1121 3985 impudentemque
1142 3923 1235 3985 atque.
1248 3907 1336 3965 innota·

286 4019 289 4028 ·
317 4021 319 4026 .
357 3993 445 4037 ratam
462 3984 698 4044 inhumanitatem,
731 3987 803 4038 illud
829 4003 936 4055 quoque
960 3986 1042 4038 diluit
1062 3987 1179 4038 crimene
1211 3980 1337 4038 slasane

358 4055 470 4107 solitum
488 4072 546 4107 ease
565 4057 601 4110 ed
618 4073 712 4123 regern
730 4058 871 4116 scrihere,
900 4056 1048 4114 Caesarem
1066 4058 1094 4106 in
1110 4057 1215 4108 insidia
1233 4071 1295 4108 esse·
1314 4053 1337 4110 li·

360 4143 472 4178 rannum
486 4127 661 4185 ·=existimsri,
688 4133 779 4178 statua
803 4127 983 4196 inter-seges
1008 4129 1099 4197 posita
1123 4121 1337 4178 animosissime

360 4196 534 4248 vehementer
553 4197 688 4256 offensos,
706 4197 801 4267 plaudi
820 4201 845 4250 ei
862 4214 917 4252 non
935 4198 1033 4258 solere.
1070 4199 1093 4266 5.
1112 4197 1236 4249 att-54.

290 4267 432 4320 Peroratio
460 4267 545 4318 omnis
574 4269 603 4318 iu
628 4285 660 4320 oo
684 4274 825 4341 uersatur,
856 4275 887 4320 ut
913 4269 999 4337 plane.
1018 4269 1153 4339 Dejotaro
1181 4261 1337 4338 reconcilietis

360 4337 473 4389 (laesor.
511 4339 616 4390 Orator
641 4338 710 4390 enim
736 4341 851 4408 primum
878 4340 984 4398 efficere
1004 4341 1114 4398 studet,
1140 4355 1182 4402 ,ue
1201 4323 1336 4388 Caesar⁸¹l¹

304 4449 307 4456 .
354 4424 520 4462 arcemone
537 4409 702 4479 nemeaeum
723 4411 891 4466 arbitretur:
928 4411 1042 4472 deinde,
1069 4427 1130 4464 cum
1153 4409 1187 4462 de
1213 4423 1273 4474 rege
1294 4396 1334 4448 ⁵¹¹⁰·
