2802 5028
194 254 313 436 ιω,
539 355 949 411 onnrror

977 465 993 490 ὓ

194 525 395 608 oppressus?
437 525 539 602 Quid,
563 528 651 611 quod
674 527 815 588 adventu
836 537 894 589 tuo
916 529 979 588 ista
1003 528 1162 608 subsellia
1181 551 1304 591 vacue-

195 609 407 671 factasunt?
430 611 516 691 quod
541 633 651 672 omnes
675 611 887 684 consulares,-
914 612 970 694 qui
993 612 1053 672 tibi
1076 634 1235 694 persaepe
1261 615 1305 673 ad

195 694 328 763 caedem
350 693 523 754 constituti
545 696 694 769 fuerunt,
726 695 820 754 simul
843 705 941 778 atque
964 696 1140 769 assedisti,
1172 705 1306 776 partem

148 779 290 837 {Iistam
313 777 544 838 subselliorum
566 779 683 837 nudam
706 786 802 860 atque
825 779 954 839 inanem
970 778 1199 861 reliquerunt?
1220 781 1304 856 Quo

194 860 325 922 tandem
357 861 463 920 animo
490 861 555 936 boe
577 861 638 920 tibi
660 862 829 924 ferendum
850 863 974 943 putas?
1018 863 1112 922 Servi
1133 862 1305 923 mehercle

194 947 258 1004 mei
291 945 320 1004 si
347 967 398 1004 me
428 944 493 1004 isto
523 951 620 1026 paeto
649 954 859 1018 metuerent,
891 954 927 1005 ut
954 955 987 1005 te
1016 954 1163 1007 metuunt
1186 968 1304 1006 omnes

194 1029 282 1090 cives
304 1028 372 1102 tui,
413 1028 539 1088 demum
559 1051 660 1087 meam
688 1028 935 1110 relinquendam
961 1037 1127 1108 putarem:
1160 1037 1206 1088 'tu
1235 1030 1306 1090 tibi

192 1114 304 1172 urbem
325 1133 392 1171 nen
415 1111 609 1172 arbitraris?
643 1119 695 1185 et,
728 1112 828 1172 sime
850 1113 929 1172 meis
954 1111 1079 1172 civibus
1101 1111 1219 1172 iniuria
1247 1135 1305 1174 su·

194 1205 341 1278 spectum
362 1203 428 1256 tam
451 1195 592 1274 graviter
616 1204 712 1278 atque
736 1197 892 1276 offensum
913 1195 1078 1268 viderem,
1112 1213 1223 1255 carere
1251 1219 1305 1257 me

194 1281 354 1359 adspectu
382 1279 520 1353 civium,
560 1301 653 1362 quam
684 1279 814 1338 infestis
844 1278 949 1338 oculis
979 1279 1119 1338 omnium
1134 1281 1307 1362 *conspici

192 1362 342 1423 mallem:
373 1370 434 1435 tu,
467 1383 539 1421 oum
571 1362 776 1421 conscientia
806 1362 965 1423 scelerum
986 1369 1115 1423 tuoruin
1138 1383 1305 1442 agnoscas

193 1447 304 1511 odium
327 1446 466 1505 omnium
489 1446 633 1518 iustum,
656 1453 689 1504 et
710 1445 772 1504 iam
796 1446 852 1504 diu
873 1446 934 1506 tibi
958 1446 1103 1507 debitum
1121 1444 1171 1528 1),
1202 1447 1305 1507 dubi·

143 1552 147 1558 ·
192 1521 257 1603 tas,
281 1550 416 1612 quorum
437 1541 563 1588 mentes
589 1549 769 1610 sensusque
793 1527 955 1602 vulneras,
979 1551 1088 1589 eorum
1107 1531 1306 1608 adspectum
1396 1574 1398 1583 .

192 1612 477 1694 praesentiamque
515 1611 645 1672 vitare?
695 1612 730 1670 Si
763 1620 796 1672 te
828 1622 980 1693 parentes
1013 1613 1166 1673 timerent
1199 1620 1304 1696 atque

194 1697 344 1755 odissent
373 1696 439 1768 tui,
468 1717 574 1778 neque
605 1714 660 1754 eos
692 1692 760 1754 ulla
788 1697 916 1756 ratione
938 1696 1069 1778 plaeere
1092 1717 1229 1777 posses3
1265 1705 1305 1757 ut

195 1779 323 1860 opinor,
347 1779 386 1838 ab
405 1800 514 1839 eorum
531 1777 635 1838 oculis
650 1777 759 1860 aliquo
777 1780 992 1839 concederes:
1025 1801 1111 1839 nune
1131 1787 1163 1838 te
1177 1781 1302 1860 patria,

195 1883 276 1946 quae
293 1863 468 1946 communis
486 1869 537 1922 est
554 1861 694 1921 omnium
710 1869 856 1932 nostrum
873 1883 1005 1944 parens,
1029 1863 1101 1923 odit
1115 1885 1151 1922 ac
1169 1863 1303 1939 metuit,

217 2082 220 2087 ’
247 2079 276 2147 l)
290 2081 348 2149 jam
367 2078 424 2158 'tibi'
439 2079 485 2128 din
505 2076 636 2128 debitum.

246 2273 344 2324 audam
361 2281 441 2339 atque
459 2273 564 2322 inertem
578 2273 752 2338 reliquerunt.
790 2272 922 2323 «Iunctum
943 2271 1048 2340 legitur
1072 2280 1219 2341 utrumque
1243 2274 1303 2342 epi-

194 2345 291 2397 tlreton
307 2344 435 2406 inVerr.
453 2344 487 2393 II
505 2343 562 2394 542
599 2344 710 2394 Domum
727 2344 783 2413 ejru
801 2351 959 2392 exornatam
977 2351 1057 2409 atque
1075 2345 1233 2393 instructanr
1248 2345 1303 2394 iste

195 2415 353 2467 reddiderat
377 2414 474 2464 auidam
497 2419 577 2480 atque
600 2416 712 2465 inanem.
734 2443 766 2454 -
802 2415 881 2470 Idem
899 2412 1020 2464 Gabinio
1044 2415 1178 2465 accidisse
1203 2421 1304 2466 narrat

143 2525 145 2532 ,
197 2486 258 2538 Cic.
273 2487 302 2535 in
318 2487 417 2552 fragm.
435 2484 507 2555 apud
523 2487 619 2536 Front.
636 2486 717 2536 Eloc.
732 2504 759 2553 p.
777 2483 856 2536 491:
893 2481 985 2550 Neque
1008 2485 1127 2536 assidere
1153 2484 1304 2536 Gabinium

196 2566 245 2607 aut
262 2557 366 2622 alioqui
384 2557 506 2606 incuria
523 2558 663 2623 qaisquam
681 2557 806 2606 audebat.
842 2574 867 2607 r.
885 2557 914 2605 in
926 2548 1027 2605 Pisan.¹
1040 2555 1087 2606 12.

249 2626 340 2695 §.17⁸
376 2623 456 2678 serui.
494 2626 590 2695 Quint.
609 2628 688 2677 VIII
711 2626 751 2686 a,
782 2625 837 2677 10:
872 2627 1075 2697 Amplifieutio,
1104 2643 1172 2691 quac
1197 2624 1232 2695 fit
1251 2643 1303 2693 per

197 2699 436 2766 comparationem,
456 2700 642 2748 incrementum
656 2716 690 2748 ex
708 2698 853 2748 nriuaribus
869 2699 966 2767 petit3·
978 2696 1107 2768 'aupeado
1126 2697 1211 2762 enim,
1231 2695 1304 2761 qaod

198 2778 238 2820 est
253 2768 344 2836 iufra,
372 2787 474 2819 raecesse
494 2777 533 2820 est
550 2769 667 2819 extollat
684 2767 728 2826 id,
748 2767 819 2834 quod
836 2770 1050 2837 suprapositum
1069 2774 1125 2825 cst,
1145 2774 1190 2815 ut:
1221 2765 1302 2816 Serui
1394 2781 1398 2805 ὲ

197 2840 324 2891 uiebeiele
351 2867 382 2879 —-
410 2848 542 2909 putarem.
584 2841 623 2910 In¹
647 2840 787 2890 nonnullis
813 2838 895 2889 llbris
918 2844 982 2907 post
1005 2843 1149 2888 nutrierant
1172 2837 1302 2887 additur:

198 2921 278 2978 atque
296 2911 429 2970 odissent,
459 2912 532 2978 quod
547 2918 624 2962 reete
644 2911 723 2961 abest
745 2928 760 2959 a
776 2909 851 2960 mell.
866 2910 947 2960 Parr.
966 2911 1053 2962 Bavv.
1069 2927 1085 2959 a
1104 2908 1225 2977 Quintil.
1241 2907 1261 2957 l.
1277 2927 1301 2960 c.

169 2993 171 2998 '
199 2990 227 3034 et
243 2982 322 3032 dulia
339 2983 492 3033 Severiano
511 2999 574 3051 pag.
591 2981 670 3040 544,
691 2982 763 3051 apud
783 2997 861 3048 quern
879 2981 1000 3046 legitur:
1021 2997 1071 3046 qua
1091 2987 1116 3028 te
1131 2986 1257 3028 necterent.

251 3052 392 3121 offensum,
424 3071 475 3122 pro
503 3071 556 3119 quo
581 3053 609 3100 in
634 3052 773 3103 nonnullis
796 3050 877 3118 libris
902 3067 987 3120 prave
1022 3051 1127 3118 legitur
1154 3047 1286 3118 infimum

155 3153 162 3164 ·
198 3124 289 3176 salet:
317 3125 451 3184 invisum,
481 3125 544 3174 odio
565 3123 697 3175 habitum.
733 3122 896 3172 adAtt.II
917 3121 968 3173 19:
988 3119 1098 3180 -Scito,
1125 3121 1196 3170 nibil
1218 3119 1303 3190 fuisse
1393 3144 1394 3149 =

199 3211 321 3260 umquam
338 3203 393 3243 tam
410 3203 503 3262 turpe,
523 3201 579 3244 ῦειιη
592 3211 725 3262 peraeque
743 3194 860 3248 arrrfflbus
877 3193 1035 3263 generibus,
1055 3191 1210 3249 ordinibus,
1231 3198 1302 3240 aeta-

200 3269 271 3316 tibus
286 3263 424 3334 offensura,
445 3283 523 3332 qiiam
539 3265 607 3321 bunc
624 3271 742 3324 statum3
767 3264 847 3315 etde
869 3261 1187 3330 cademreincp.21=
1223 3261 1303 3311 donii-

201 3339 275 3387 natlo
294 3354 362 3385 urarae
380 3345 485 3404 repente
503 3343 578 3385 tauto
595 3337 623 3385 iu
640 3334 700 3385 odio
725 3341 765 3382 est
787 3335 913 3384 optatibus.
950 3335 1036 3384 Verr.
1055 3331 1209 3400 11162.§
1230 3331 1301 3382 145:
1399 3344 1400 3347 ’

204 3403 368 3458 Onaiserum
384 3415 463 3473 atque
479 3406 640 3457 invidiosum
654 3402 831 3474 offensumque
844 3405 1086 3474 paracerumculpe
1111 3410 1192 3469 atque
1216 3402 1303 3472 indip-

201 3482 287 3530 nit'ate
306 3477 422 3526 ordinem
435 3479 597 3528 senatorium
640 3471 668 3546 p.
690 3476 753 3526 Clu.
770 3475 826 3528 58¹:
862 3475 894 3525 Si
918 3477 941 3525 is
967 3467 1116 3525 inuidiaeue
1140 3480 1189 3522 aut
1215 3473 1304 3524 inultis

203 3549 315 3618 offensus
334 3566 389 3597 esse
406 3541 540 3598 uideatur.
578 3548 657 3598 Suet]
676 3547 769 3597 Galba
788 3545 840 3596 162
865 3545 941 3596 Haec
956 3564 1040 3614 paupe
1055 3546 1187 3596 uniuersis
1205 3543 1306 3594 ordini-

204 3621 251 3670 bus
268 3618 380 3686 offensus
395 3619 439 3668 acl
452 3621 599 3686 praecipua
614 3619 744 3688 flaqrauil
761 3617 864 3678 invidia
881 3616 953 3684 apud
967 3617 1116 3668 milites.-
1142 3615 1177 3664 In
1192 3616 1305 3666 eandem

203 3691 365 3742 sententiam
389 3688 450 3739 Cic.
472 3691 500 3738 iu
516 3689 608 3738 Pison.
629 3689 680 3740 14:
719 3687 790 3737 Mitt
812 3686 912 3738 medius
931 3687 1011 3758 fidius
1037 3689 1066 3737 in
1091 3693 1166 3743 tanto
1194 3687 1306 3734 omniurn

204 3759 357 3820 »nantolium
375 3759 435 3809 odio
445 3795 453 3817 ,
465 3759 542 3828 justo
557 3761 718 3828 praesertim
734 3765 760 3807 et
773 3757 878 3815 debito,
898 3760 1008 3823 quaevis
1023 3758 1091 3828 lupa
1100 3757 1209 3826 potius,
1230 3764 1323 3822 quanr‘

204 3833 263 3880 ralla
277 3831 418 3898 prouincia
435 3838 503 3880 esset
520 3833 646 3898 optatior.
666 3860 698 3873 ω-
733 3829 767 3880 Iu
784 3847 860 3896 seqq.
876 3830 969 3880 verbis
985 3829 1063 3879 dedi:
1083 3826 1177 3896 etjam
1195 3827 1243 3876 diu
1258 3827 1306 3875 tibi

134 3951 137 3956 ,
205 3899 322 3952 debitunt
340 3919 372 3950 ex
386 3901 466 3950 Parr.
483 3902 569 3952 Ilavv.
587 3902 673 3951 Barb.
690 3893 808 3950 Veneta.
837 3898 1025 3953 Vernll&
1061 3899 1102 3948 Ne
1116 3907 1189 3948 'nune
1204 3897 1306 3963 quidem

206 3971 376 4029 recordaris,
404 3972 504 4021 ordlam
520 3991 575 4022 esse
593 3971 829 4032 tardumualum,
858 3970 998 4038 quod'non
1020 3971 1071 4020 titi
1091 3986 1143 4038 pro
1163 3969 1307 4018 sceleribus

206 4046 259 4094 luis
272 4043 333 4110 ‘jaim
351 4043 399 4092 ‹llu
415 4042 550 4092 debeatur.
1166 4085 1170 4091 .

259 4115 399 4162 eorrrmnais
419 4141 450 4152 -α
467 4133 575 4183 prircus.
615 4112 674 4162 Cic.
703 4113 736 4160 de
754 4111 825 4178 llcp.
846 4110 861 4160 I
884 4109 940 4162 48:
959 4110 1110 4172 'Quoniam
1127 4109 1211 4178 plura
1234 4109 1306 4157 bene-

204 4185 269 4258 ficia
296 4187 413 4233 continet
431 4188 541 4251 patria,
570 4191 596 4234 et
617 4191 656 4233 est
681 4184 819 4248 antiquior·
840 4193 956 4250 parens,
987 4199 1065 4248 quiam
1091 4181 1136 4245 qui
1160 4179 1307 4234 creauerit,

206 4255 293 4324 anqy’or
318 4257 343 4305 ei
361 4253 498 4324 profecto,
527 4274 605 4323 quara
625 4255 749 4322 pancrati,
777 4253 887 4302 debetur
910 4255 1012 4323 pratia.
1055 4251 1135 4300 Int'ra
1159 4247 1307 4300 Lambinus

109 4338 116 4350 ⁶
208 4328 287 4377 dedit
304 4345 336 4376 cx
353 4327 526 4396 conjecturas
553 4335 579 4377 et
590 4324 699 4394 'jandiu
716 4331 742 4372 te
758 4324 958 4392 ailailjudieat‚
985 4325 1038 4374 uisi
1053 4322 1085 4373 de
1098 4338 1175 4389 para.
1191 4328 1239 4372 cte.
1259 4319 1335 4370 sed.

207 4416 337 4467 praepos.
356 4398 389 4449 de
407 4417 468 4450 eum
484 4404 550 4450 cett.
564 4395 647 4447 libris
662 4412 754 4446 omnes
771 4394 852 4446 Patr.
870 4402 952 4463 atque
967 4396 1054 4448 Basa.
1070 4393 1200 4444 retinent.

331 4468 335 4478 .
669 4467 678 4492 0
929 4470 936 4480 .

1108 4667 1120 4703 ⁴
1183 4712 1187 4722 ι
