<?xml version="1.0" encoding="UTF-8"?>
<!DOCTYPE html PUBLIC "-//W3C//DTD XHTML 1.0 Transitional//EN"
    "http://www.w3.org/TR/xhtml1/DTD/xhtml1-transitional.dtd">
<html xmlns="http://www.w3.org/1999/xhtml" xml:lang="en" lang="en">
 <head>
  <title>
</title>
<meta http-equiv="Content-Type" content="text/html;charset=utf-8" />
  <meta name='ocr-system' content='tesseract 3.04.00' />
  <meta name='ocr-capabilities' content='ocr_page ocr_carea ocr_par ocr_line ocrx_word'/>
</head>
<body>
  <div class='ocr_page' id='page_1' title='image "./mtulliiciceroni67cicegoog/mtulliiciceroni67cicegoog_0466.png"; bbox 0 0 2824 5018; ppageno 0'>
   <div class='ocr_carea' id='block_1_1' title="bbox 302 374 830 496">
    <p class='ocr_par' dir='ltr' id='par_1_1' title="bbox 302 374 830 496">
     <span class='ocr_line' id='line_1_1' title="bbox 302 374 830 496; baseline -0.002 0"><span class='ocrx_word' id='word_1_1' title='bbox 302 374 830 496; x_wconf 77' lang='lat' dir='ltr'><strong>ORATIO</strong></span> 
     </span>
    </p>
   </div>
   <div class='ocr_carea' id='block_1_2' title="bbox 198 711 948 856">
    <p class='ocr_par' dir='ltr' id='par_1_2' title="bbox 198 711 948 856">
     <span class='ocr_line' id='line_1_2' title="bbox 198 711 948 856; baseline -0.005 -2"><span class='ocrx_word' id='word_1_2' title='bbox 198 711 948 856; x_wconf 46' lang='lat' dir='ltr'>ufmunuua.</span> 
     </span>
    </p>
   </div>
   <div class='ocr_carea' id='block_1_3' title="bbox 309 1201 832 1278">
    <p class='ocr_par' dir='ltr' id='par_1_3' title="bbox 309 1201 832 1278">
     <span class='ocr_line' id='line_1_3' title="bbox 309 1201 832 1278; baseline -0.008 -18"><span class='ocrx_word' id='word_1_3' title='bbox 309 1201 832 1278; x_wconf 67' lang='lat' dir='ltr'>auennensem</span> 
     </span>
    </p>
   </div>
   <div class='ocr_carea' id='block_1_4' title="bbox 43 1321 1121 1949">
    <p class='ocr_par' dir='ltr' id='par_1_4' title="bbox 43 1321 1121 1949">
     <span class='ocr_line' id='line_1_4' title="bbox 43 1321 1118 1394; baseline 0.001 -15"><span class='ocrx_word' id='word_1_4' title='bbox 43 1325 152 1379; x_wconf 75' lang='lat' dir='ltr'>comitiis</span> <span class='ocrx_word' id='word_1_5' title='bbox 169 1324 378 1387; x_wconf 80' lang='lat' dir='ltr'>consularibus,</span> <span class='ocrx_word' id='word_1_6' title='bbox 406 1341 475 1394; x_wconf 82' lang='lat' dir='ltr'>quae</span> <span class='ocrx_word' id='word_1_7' title='bbox 492 1323 595 1377; x_wconf 86' lang='lat' dir='ltr'>Cicero</span> <span class='ocrx_word' id='word_1_8' title='bbox 606 1321 719 1386; x_wconf 87' lang='lat' dir='ltr'>babuit,</span> <span class='ocrx_word' id='word_1_9' title='bbox 746 1325 782 1377; x_wconf 85' lang='grc' dir='ltr'>Ι).</span> <span class='ocrx_word' id='word_1_10' title='bbox 796 1323 895 1378; x_wconf 78' lang='lat' dir='ltr'>Junius</span> <span class='ocrx_word' id='word_1_11' title='bbox 910 1325 1021 1380; x_wconf 82' lang='lat' dir='ltr'>Silenus</span> <span class='ocrx_word' id='word_1_12' title='bbox 1044 1333 1072 1380; x_wconf 85' lang='lat' dir='ltr'>et</span> <span class='ocrx_word' id='word_1_13' title='bbox 1085 1326 1118 1380; x_wconf 76' lang='lat'>1..</span> 
     </span>
     <span class='ocr_line' id='line_1_5' title="bbox 99 1395 1118 1464; baseline 0.004 -18"><span class='ocrx_word' id='word_1_14' title='bbox 99 1396 214 1449; x_wconf 80' lang='lat' dir='ltr'>licinius</span> <span class='ocrx_word' id='word_1_15' title='bbox 228 1397 346 1449; x_wconf 80' lang='lat' dir='ltr'>Murena</span> <span class='ocrx_word' id='word_1_16' title='bbox 359 1397 485 1448; x_wconf 87' lang='lat' dir='ltr'>consules</span> <span class='ocrx_word' id='word_1_17' title='bbox 500 1397 636 1464; x_wconf 70' lang='lat' dir='ltr'>designati</span> <span class='ocrx_word' id='word_1_18' title='bbox 650 1397 754 1448; x_wconf 82' lang='lat' dir='ltr'>suntin</span> <span class='ocrx_word' id='word_1_19' title='bbox 769 1413 865 1449; x_wconf 87' lang='lat' dir='ltr'>annum</span> <span class='ocrx_word' id='word_1_20' title='bbox 884 1416 907 1450; x_wconf 92' lang='lat' dir='ltr'>u.</span> <span class='ocrx_word' id='word_1_21' title='bbox 926 1414 950 1450; x_wconf 85' lang='lat' dir='ltr'>e.</span> <span class='ocrx_word' id='word_1_22' title='bbox 965 1395 1034 1449; x_wconf 72' lang='lat'>692.</span> <span class='ocrx_word' id='word_1_23' title='bbox 1061 1399 1118 1450; x_wconf 83' lang='lat' dir='ltr'>lta-</span> 
     </span>
     <span class='ocr_line' id='line_1_6' title="bbox 100 1467 1118 1538; baseline 0.003 -20"><span class='ocrx_word' id='word_1_24' title='bbox 100 1485 146 1535; x_wconf 84' lang='lat' dir='ltr'>que</span> <span class='ocrx_word' id='word_1_25' title='bbox 164 1469 280 1520; x_wconf 83' lang='lat' dir='ltr'>Servius</span> <span class='ocrx_word' id='word_1_26' title='bbox 299 1467 450 1536; x_wconf 80' lang='lat' dir='ltr'><strong>Sulpicius,</strong></span> <span class='ocrx_word' id='word_1_27' title='bbox 470 1467 551 1534; x_wconf 75' lang='lat' dir='ltr'>longe</span> <span class='ocrx_word' id='word_1_28' title='bbox 568 1467 694 1527; x_wconf 88' lang='lat' dir='ltr'>omnium,</span> <span class='ocrx_word' id='word_1_29' title='bbox 714 1483 767 1518; x_wconf 90' lang='lat' dir='ltr'>non</span> <span class='ocrx_word' id='word_1_30' title='bbox 782 1467 902 1538; x_wconf 85' lang='lat' dir='ltr'>ejusdcm</span> <span class='ocrx_word' id='word_1_31' title='bbox 915 1469 996 1520; x_wconf 86' lang='lat' dir='ltr'>modo</span> <span class='ocrx_word' id='word_1_32' title='bbox 1010 1471 1118 1527; x_wconf 82' lang='lat' dir='ltr'>aetatis.</span> 
     </span>
     <span class='ocr_line' id='line_1_7' title="bbox 97 1537 1118 1624; baseline 0.004 -36"><span class='ocrx_word' id='word_1_33' title='bbox 97 1538 263 1624; x_wconf 59' lang='lat' dir='ltr'>⁸⁰d.⁶⁰.¹&#39;¹¹¹l¹</span> <span class='ocrx_word' id='word_1_34' title='bbox 288 1538 385 1598; x_wconf 89' lang='lat' dir='ltr'>etiam,</span> <span class='ocrx_word' id='word_1_35' title='bbox 413 1537 459 1608; x_wconf 86' lang='lat' dir='ltr'>qni</span> <span class='ocrx_word' id='word_1_36' title='bbox 478 1537 606 1622; x_wconf 78' lang='lat' dir='ltr'>fuerant,</span> <span class='ocrx_word' id='word_1_37' title='bbox 623 1537 661 1623; x_wconf 40' lang='lat' dir='ltr'>&#39;in</span> <span class='ocrx_word' id='word_1_38' title='bbox 674 1538 739 1608; x_wconf 84' lang='lat' dir='ltr'>jure</span> <span class='ocrx_word' id='word_1_39' title='bbox 758 1538 834 1624; x_wconf 72' lang='lat' dir='ltr'>civili</span> <span class='ocrx_word' id='word_1_40' title='bbox 856 1539 1003 1608; x_wconf 88' lang='lat' dir='ltr'>princeps,</span> <span class='ocrx_word' id='word_1_41' title='bbox 1029 1557 1118 1608; x_wconf 87' lang='lat' dir='ltr'>neque</span> 
     </span>
     <span class='ocr_line' id='line_1_8' title="bbox 94 1605 1119 1755; baseline 0.006 -28"><span class='ocrx_word' id='word_1_42' title='bbox 94 1605 1029 1755; x_wconf 53' lang='lat' dir='ltr'>&#39;tlt‘tlt?ttftt.,tiletsst‘ttlbaltl&#39;lflits</span> <span class='ocrx_word' id='word_1_43' title='bbox 1041 1609 1119 1733; x_wconf 63' lang='lat' dir='ltr'>ddi</span> 
     </span>
     <span class='ocr_line' id='line_1_9' title="bbox 94 1747 1119 1837; baseline 0.003 -38"><span class='ocrx_word' id='word_1_44' title='bbox 94 1751 175 1834; x_wconf 71' lang='lat' dir='ltr'>savit,</span> <span class='ocrx_word' id='word_1_45' title='bbox 198 1748 436 1801; x_wconf 75' lang='lat' dir='ltr'>subscribentibus</span> <span class='ocrx_word' id='word_1_46' title='bbox 452 1747 491 1833; x_wconf 47' lang='grc' dir='ltr'>Μ..</span> <span class='ocrx_word' id='word_1_47' title='bbox 510 1747 633 1834; x_wconf 72' lang='lat' dir='ltr'>(latone,</span> <span class='ocrx_word' id='word_1_48' title='bbox 654 1747 705 1800; x_wconf 81' lang='lat' dir='ltr'>(lu.</span> <span class='ocrx_word' id='word_1_49' title='bbox 719 1747 862 1833; x_wconf 70' lang='lat' dir='ltr'>l&#39;ostumio</span> <span class='ocrx_word' id='word_1_50' title='bbox 881 1755 909 1800; x_wconf 93' lang='lat' dir='ltr'>et</span> <span class='ocrx_word' id='word_1_51' title='bbox 927 1750 1008 1802; x_wconf 83' lang='lat' dir='ltr'>Serv.</span> <span class='ocrx_word' id='word_1_52' title='bbox 1025 1750 1119 1837; x_wconf 80' lang='lat' dir='ltr'>Sulpi·</span> 
     </span>
     <span class='ocr_line' id='line_1_10' title="bbox 93 1818 1121 1949; baseline -0.001 -10"><span class='ocrx_word' id='word_1_53' title='bbox 93 1836 134 1942; x_wconf 71' lang='lat' dir='ltr'>li?</span> <span class='ocrx_word' id='word_1_54' title='bbox 146 1818 655 1949; x_wconf 57' lang='lat' dir='ltr'>titb⁰t¹²lf.·..¹ll¹f“zssttl.⁰lll</span> <span class='ocrx_word' id='word_1_55' title='bbox 670 1818 1075 1940; x_wconf 56' lang='lat' dir='ltr'>atttt¹2¹¹ttt¹¹⁰⁸⁰¹¹⁵¹⁰</span> <span class='ocrx_word' id='word_1_56' title='bbox 1091 1827 1121 1876; x_wconf 49' lang='grc' dir='ltr'>ἰ</span> 
     </span>
    </p>
   </div>
   <div class='ocr_carea' id='block_1_5' title="bbox 35 1971 1165 4014">
    <p class='ocr_par' dir='ltr' id='par_1_5' title="bbox 35 1971 1165 4014">
     <span class='ocr_line' id='line_1_11' title="bbox 35 1971 1120 2044; baseline 0.001 -18"><span class='ocrx_word' id='word_1_57' title='bbox 35 1971 63 2026; x_wconf 88' lang='lat' dir='ltr'>Iu</span> <span class='ocrx_word' id='word_1_58' title='bbox 78 1973 197 2028; x_wconf 75' lang='lat' dir='ltr'>Exordio</span> <span class='ocrx_word' id='word_1_59' title='bbox 218 1975 322 2027; x_wconf 85' lang='lat' dir='ltr'>Cicero</span> <span class='ocrx_word' id='word_1_60' title='bbox 341 1974 437 2027; x_wconf 91' lang='lat' dir='ltr'>consul</span> <span class='ocrx_word' id='word_1_61' title='bbox 450 1979 583 2044; x_wconf 84' lang='lat' dir='ltr'>precatur</span> <span class='ocrx_word' id='word_1_62' title='bbox 601 1991 617 2023; x_wconf 88' lang='lat' dir='ltr'>a</span> <span class='ocrx_word' id='word_1_63' title='bbox 643 1972 695 2022; x_wconf 88' lang='lat' dir='ltr'>diis</span> <span class='ocrx_word' id='word_1_64' title='bbox 716 1972 934 2044; x_wconf 67' lang='lat' dir='ltr'>immortalibus,</span> <span class='ocrx_word' id='word_1_65' title='bbox 962 1980 994 2027; x_wconf 90' lang='lat' dir='ltr'>ut</span> <span class='ocrx_word' id='word_1_66' title='bbox 1010 1973 1043 2026; x_wconf 78' lang='lat'>1..</span> <span class='ocrx_word' id='word_1_67' title='bbox 1058 1975 1120 2029; x_wconf 70' lang='lat' dir='ltr'>Mu-</span> 
     </span>
     <span class='ocr_line' id='line_1_12' title="bbox 95 2043 1121 2114; baseline 0.001 -18"><span class='ocrx_word' id='word_1_68' title='bbox 95 2063 175 2100; x_wconf 84' lang='lat' dir='ltr'>renae</span> <span class='ocrx_word' id='word_1_69' title='bbox 204 2046 362 2100; x_wconf 84' lang='lat' dir='ltr'>consulatus</span> <span class='ocrx_word' id='word_1_70' title='bbox 383 2063 437 2097; x_wconf 84' lang='lat' dir='ltr'>uua</span> <span class='ocrx_word' id='word_1_71' title='bbox 459 2062 519 2098; x_wconf 84' lang='lat' dir='ltr'>cuns</span> <span class='ocrx_word' id='word_1_72' title='bbox 540 2043 629 2094; x_wconf 85' lang='lat' dir='ltr'>salute</span> <span class='ocrx_word' id='word_1_73' title='bbox 648 2043 823 2104; x_wconf 87' lang='lat' dir='ltr'>obtineatur,</span> <span class='ocrx_word' id='word_1_74' title='bbox 850 2060 980 2112; x_wconf 79' lang='lat' dir='ltr'>reumque</span> <span class='ocrx_word' id='word_1_75' title='bbox 995 2043 1121 2114; x_wconf 80' lang='lat' dir='ltr'>judicum</span> 
     </span>
     <span class='ocr_line' id='line_1_13' title="bbox 93 2110 1120 2183; baseline 0.004 -17"><span class='ocrx_word' id='word_1_76' title='bbox 93 2116 157 2170; x_wconf 81' lang='lat' dir='ltr'>fidei</span> <span class='ocrx_word' id='word_1_77' title='bbox 183 2116 363 2171; x_wconf 73' lang='lat' dir='ltr'><strong>commendat.</strong></span> <span class='ocrx_word' id='word_1_78' title='bbox 388 2115 423 2183; x_wconf 68' lang='lat' dir='ltr'>fi.</span> <span class='ocrx_word' id='word_1_79' title='bbox 450 2113 531 2165; x_wconf 83' lang='lat' dir='ltr'>l-ll.</span> <span class='ocrx_word' id='word_1_80' title='bbox 567 2110 674 2162; x_wconf 81' lang='lat' dir='ltr'>Deinde</span> <span class='ocrx_word' id='word_1_81' title='bbox 701 2110 816 2164; x_wconf 80' lang='lat' dir='ltr'>officinm</span> <span class='ocrx_word' id='word_1_82' title='bbox 844 2112 1010 2166; x_wconf 86' lang='lat' dir='ltr'>defensionis</span> <span class='ocrx_word' id='word_1_83' title='bbox 1037 2133 1120 2178; x_wconf 85' lang='lat' dir='ltr'>suae,</span> 
     </span>
     <span class='ocr_line' id='line_1_14' title="bbox 94 2180 1121 2256; baseline -0.001 -18"><span class='ocrx_word' id='word_1_84' title='bbox 94 2186 127 2238; x_wconf 89' lang='lat' dir='ltr'>ab</span> <span class='ocrx_word' id='word_1_85' title='bbox 146 2185 356 2239; x_wconf 84' lang='lat' dir='ltr'>accusatoribus</span> <span class='ocrx_word' id='word_1_86' title='bbox 374 2183 584 2254; x_wconf 85' lang='lat' dir='ltr'>reprehensum,</span> <span class='ocrx_word' id='word_1_87' title='bbox 610 2180 721 2252; x_wconf 78' lang='lat' dir='ltr'>probat.</span> <span class='ocrx_word' id='word_1_88' title='bbox 756 2185 785 2247; x_wconf 84' lang='lat' dir='ltr'>a)</span> <span class='ocrx_word' id='word_1_89' title='bbox 811 2181 850 2234; x_wconf 78' lang='lat' dir='ltr'>Et</span> <span class='ocrx_word' id='word_1_90' title='bbox 870 2184 979 2252; x_wconf 85' lang='lat' dir='ltr'>quidem</span> <span class='ocrx_word' id='word_1_91' title='bbox 1002 2187 1121 2256; x_wconf 80' lang='lat' dir='ltr'>primun</span> 
     </span>
     <span class='ocr_line' id='line_1_15' title="bbox 93 2252 1121 2324; baseline 0.003 -16"><span class='ocrx_word' id='word_1_92' title='bbox 93 2255 129 2308; x_wconf 80' lang='lat' dir='ltr'>lt.</span> <span class='ocrx_word' id='word_1_93' title='bbox 165 2255 286 2316; x_wconf 83' lang='lat' dir='ltr'>(latoni,</span> <span class='ocrx_word' id='word_1_94' title='bbox 330 2257 391 2324; x_wconf 77' lang='lat' dir='ltr'>qui¹</span> <span class='ocrx_word' id='word_1_95' title='bbox 408 2260 574 2322; x_wconf 76' lang='lat' dir='ltr'>negaverat,</span> <span class='ocrx_word' id='word_1_96' title='bbox 615 2253 699 2304; x_wconf 88' lang='lat' dir='ltr'>fuisse</span> <span class='ocrx_word' id='word_1_97' title='bbox 733 2257 856 2313; x_wconf 84' lang='lat' dir='ltr'>rectum,</span> <span class='ocrx_word' id='word_1_98' title='bbox 891 2252 1056 2308; x_wconf 82' lang='lat' dir='ltr'>Ciceronem</span> <span class='ocrx_word' id='word_1_99' title='bbox 1091 2267 1121 2312; x_wconf 88' lang='lat' dir='ltr'>et</span> 
     </span>
     <span class='ocr_line' id='line_1_16' title="bbox 95 2323 1119 2394; baseline 0.001 -14"><span class='ocrx_word' id='word_1_100' title='bbox 95 2329 254 2389; x_wconf 84' lang='lat' dir='ltr'>consulem,</span> <span class='ocrx_word' id='word_1_101' title='bbox 282 2330 310 2378; x_wconf 91' lang='lat' dir='ltr'>et</span> <span class='ocrx_word' id='word_1_102' title='bbox 327 2325 400 2394; x_wconf 75' lang='lat' dir='ltr'>legis</span> <span class='ocrx_word' id='word_1_103' title='bbox 417 2325 534 2376; x_wconf 75' lang='lat' dir='ltr'>ambitus</span> <span class='ocrx_word' id='word_1_104' title='bbox 552 2323 688 2383; x_wconf 82' lang='lat' dir='ltr'>latorem,</span> <span class='ocrx_word' id='word_1_105' title='bbox 717 2329 818 2376; x_wconf 87' lang='lat' dir='ltr'>ettam</span> <span class='ocrx_word' id='word_1_106' title='bbox 842 2341 938 2377; x_wconf 83' lang='lat' dir='ltr'>severe</span> <span class='ocrx_word' id='word_1_107' title='bbox 957 2335 1036 2394; x_wconf 72' lang='lat' dir='ltr'>gesto</span> <span class='ocrx_word' id='word_1_108' title='bbox 1056 2345 1119 2380; x_wconf 91' lang='lat' dir='ltr'>con·</span> 
     </span>
     <span class='ocr_line' id='line_1_17' title="bbox 96 2394 1118 2462; baseline 0.002 -14"><span class='ocrx_word' id='word_1_109' title='bbox 96 2398 204 2459; x_wconf 84' lang='lat' dir='ltr'>sulatu,</span> <span class='ocrx_word' id='word_1_110' title='bbox 241 2413 349 2448; x_wconf 85' lang='lat' dir='ltr'>cansam</span> <span class='ocrx_word' id='word_1_111' title='bbox 380 2396 413 2445; x_wconf 80' lang='lat' dir='ltr'>L.</span> <span class='ocrx_word' id='word_1_112' title='bbox 447 2394 580 2446; x_wconf 73' lang='lat' dir='ltr'>Murenae</span> <span class='ocrx_word' id='word_1_113' title='bbox 613 2394 769 2460; x_wconf 75' lang='lat' dir='ltr'>attingere,</span> <span class='ocrx_word' id='word_1_114' title='bbox 801 2397 953 2462; x_wconf 77' lang='lat' dir='ltr'>respondet</span> <span class='ocrx_word' id='word_1_115' title='bbox 983 2397 1118 2460; x_wconf 83' lang='lat' dir='ltr'>dicendo,</span> 
     </span>
     <span class='ocr_line' id='line_1_18' title="bbox 95 2464 1119 2538; baseline -0.001 -17"><span class='ocrx_word' id='word_1_116' title='bbox 95 2467 126 2535; x_wconf 82' lang='lat' dir='ltr'>a)</span> <span class='ocrx_word' id='word_1_117' title='bbox 144 2485 264 2538; x_wconf 80' lang='lat' dir='ltr'>aequum</span> <span class='ocrx_word' id='word_1_118' title='bbox 278 2483 346 2526; x_wconf 90' lang='lat' dir='ltr'>esse,</span> <span class='ocrx_word' id='word_1_119' title='bbox 366 2465 504 2518; x_wconf 84' lang='lat' dir='ltr'>consulem</span> <span class='ocrx_word' id='word_1_120' title='bbox 522 2464 690 2531; x_wconf 71' lang='lat' dir='ltr'>designatum</span> <span class='ocrx_word' id='word_1_121' title='bbox 704 2464 738 2514; x_wconf 91' lang='lat' dir='ltr'>ab</span> <span class='ocrx_word' id='word_1_122' title='bbox 758 2481 790 2516; x_wconf 93' lang='lat' dir='ltr'>eo</span> <span class='ocrx_word' id='word_1_123' title='bbox 809 2466 978 2533; x_wconf 86' lang='lat' dir='ltr'>potissimum</span> <span class='ocrx_word' id='word_1_124' title='bbox 998 2469 1119 2531; x_wconf 85' lang='lat' dir='ltr'>defendi,</span> 
     </span>
     <span class='ocr_line' id='line_1_19' title="bbox 96 2535 1122 2607; baseline 0.001 -17"><span class='ocrx_word' id='word_1_125' title='bbox 96 2539 141 2607; x_wconf 82' lang='lat' dir='ltr'>qui</span> <span class='ocrx_word' id='word_1_126' title='bbox 161 2557 223 2591; x_wconf 87' lang='lat' dir='ltr'>eum</span> <span class='ocrx_word' id='word_1_127' title='bbox 244 2537 382 2588; x_wconf 89' lang='lat' dir='ltr'>consulem</span> <span class='ocrx_word' id='word_1_128' title='bbox 401 2535 596 2593; x_wconf 72' lang='lat' dir='ltr'>declaraverit,</span> <span class='ocrx_word' id='word_1_129' title='bbox 616 2535 716 2602; x_wconf 82' lang='lat' dir='ltr'>quique</span> <span class='ocrx_word' id='word_1_130' title='bbox 735 2550 789 2585; x_wconf 88' lang='lat' dir='ltr'>non</span> <span class='ocrx_word' id='word_1_131' title='bbox 807 2536 895 2586; x_wconf 86' lang='lat' dir='ltr'>minus</span> <span class='ocrx_word' id='word_1_132' title='bbox 911 2537 1010 2591; x_wconf 80' lang='lat' dir='ltr'>afferat</span> <span class='ocrx_word' id='word_1_133' title='bbox 1028 2541 1064 2590; x_wconf 90' lang='lat' dir='ltr'>ad</span> <span class='ocrx_word' id='word_1_134' title='bbox 1082 2541 1122 2591; x_wconf 86' lang='lat' dir='ltr'>di-</span> 
     </span>
     <span class='ocr_line' id='line_1_20' title="bbox 95 2605 1121 2674; baseline 0.002 -14"><span class='ocrx_word' id='word_1_135' title='bbox 95 2611 210 2660; x_wconf 84' lang='lat' dir='ltr'>oendum</span> <span class='ocrx_word' id='word_1_136' title='bbox 230 2608 413 2666; x_wconf 77' lang='lat' dir='ltr'>auctoritatis,</span> <span class='ocrx_word' id='word_1_137' title='bbox 433 2623 513 2674; x_wconf 86' lang='lat' dir='ltr'>quam</span> <span class='ocrx_word' id='word_1_138' title='bbox 531 2605 688 2664; x_wconf 79' lang='lat' dir='ltr'>facultatis3</span> <span class='ocrx_word' id='word_1_139' title='bbox 708 2611 829 2658; x_wconf 85' lang='lat' dir='ltr'>ceterum</span> <span class='ocrx_word' id='word_1_140' title='bbox 845 2615 971 2658; x_wconf 83' lang='lat' dir='ltr'>nontam</span> <span class='ocrx_word' id='word_1_141' title='bbox 988 2610 1121 2662; x_wconf 81' lang='lat' dir='ltr'>seofficio</span> 
     </span>
     <span class='ocr_line' id='line_1_21' title="bbox 95 2675 1121 2744; baseline 0.004 -15"><span class='ocrx_word' id='word_1_142' title='bbox 95 2680 130 2730; x_wconf 89' lang='lat' dir='ltr'>ad</span> <span class='ocrx_word' id='word_1_143' title='bbox 146 2679 267 2733; x_wconf 85' lang='lat' dir='ltr'>bominis</span> <span class='ocrx_word' id='word_1_144' title='bbox 286 2677 366 2728; x_wconf 77' lang='lat' dir='ltr'>amici</span> <span class='ocrx_word' id='word_1_145' title='bbox 383 2677 524 2735; x_wconf 78' lang='lat' dir='ltr'>fortunas,</span> <span class='ocrx_word' id='word_1_146' title='bbox 551 2692 631 2744; x_wconf 83' lang='lat' dir='ltr'>quam</span> <span class='ocrx_word' id='word_1_147' title='bbox 649 2675 794 2743; x_wconf 82' lang='lat' dir='ltr'>republica</span> <span class='ocrx_word' id='word_1_148' title='bbox 812 2677 847 2726; x_wconf 85' lang='lat' dir='ltr'>ud</span> <span class='ocrx_word' id='word_1_149' title='bbox 866 2694 1032 2731; x_wconf 84' lang='lat' dir='ltr'>communem</span> <span class='ocrx_word' id='word_1_150' title='bbox 1050 2683 1121 2733; x_wconf 83' lang='lat' dir='ltr'>saln-</span> 
     </span>
     <span class='ocr_line' id='line_1_22' title="bbox 93 2743 1121 2816; baseline 0.002 -16"><span class='ocrx_word' id='word_1_151' title='bbox 93 2754 148 2802; x_wconf 85' lang='lat' dir='ltr'>tem</span> <span class='ocrx_word' id='word_1_152' title='bbox 173 2748 376 2801; x_wconf 75' lang='lat' dir='ltr'>defendendam</span> <span class='ocrx_word' id='word_1_153' title='bbox 396 2752 522 2798; x_wconf 83' lang='lat' dir='ltr'>vocatum</span> <span class='ocrx_word' id='word_1_154' title='bbox 541 2763 608 2796; x_wconf 90' lang='lat' dir='ltr'>esse.</span> <span class='ocrx_word' id='word_1_155' title='bbox 644 2745 667 2814; x_wconf 65' lang='grc' dir='ltr'>ξ.</span> <span class='ocrx_word' id='word_1_156' title='bbox 686 2743 714 2797; x_wconf 79' lang='grc'>4.</span> <span class='ocrx_word' id='word_1_157' title='bbox 758 2746 787 2816; x_wconf 81' lang='grc' dir='ltr'>β)</span> <span class='ocrx_word' id='word_1_158' title='bbox 813 2745 910 2815; x_wconf 82' lang='lat' dir='ltr'>Neque</span> <span class='ocrx_word' id='word_1_159' title='bbox 936 2750 1121 2802; x_wconf 82' lang='lat' dir='ltr'>defensionem</span> 
     </span>
     <span class='ocr_line' id='line_1_23' title="bbox 93 2815 1121 2886; baseline 0.003 -16"><span class='ocrx_word' id='word_1_160' title='bbox 93 2836 168 2872; x_wconf 82' lang='lat' dir='ltr'>suem</span> <span class='ocrx_word' id='word_1_161' title='bbox 187 2820 293 2872; x_wconf 83' lang='lat' dir='ltr'>latione</span> <span class='ocrx_word' id='word_1_162' title='bbox 311 2817 382 2885; x_wconf 71' lang='lat' dir='ltr'>legis</span> <span class='ocrx_word' id='word_1_163' title='bbox 402 2816 435 2868; x_wconf 92' lang='lat' dir='ltr'>de</span> <span class='ocrx_word' id='word_1_164' title='bbox 455 2815 558 2868; x_wconf 77' lang='lat' dir='ltr'>ambitu</span> <span class='ocrx_word' id='word_1_165' title='bbox 575 2817 722 2885; x_wconf 87' lang='lat' dir='ltr'>impediri,</span> <span class='ocrx_word' id='word_1_166' title='bbox 751 2833 832 2886; x_wconf 87' lang='lat' dir='ltr'>quum</span> <span class='ocrx_word' id='word_1_167' title='bbox 855 2818 924 2869; x_wconf 88' lang='lat' dir='ltr'>nibil</span> <span class='ocrx_word' id='word_1_168' title='bbox 947 2828 1043 2872; x_wconf 91' lang='lat' dir='ltr'>contra</span> <span class='ocrx_word' id='word_1_169' title='bbox 1062 2839 1121 2873; x_wconf 86' lang='lat' dir='ltr'>earn</span> 
     </span>
     <span class='ocr_line' id='line_1_24' title="bbox 92 2883 1121 2960; baseline 0.004 -22"><span class='ocrx_word' id='word_1_170' title='bbox 92 2889 184 2958; x_wconf 73' lang='lat' dir='ltr'>legem</span> <span class='ocrx_word' id='word_1_171' title='bbox 212 2887 384 2944; x_wconf 85' lang='lat' dir='ltr'>commissum</span> <span class='ocrx_word' id='word_1_172' title='bbox 408 2906 466 2941; x_wconf 88' lang='lat' dir='ltr'>esse</span> <span class='ocrx_word' id='word_1_173' title='bbox 491 2889 645 2938; x_wconf 85' lang='lat' dir='ltr'>contendat.</span> <span class='ocrx_word' id='word_1_174' title='bbox 673 2887 697 2953; x_wconf 69' lang='grc'>5.</span> <span class='ocrx_word' id='word_1_175' title='bbox 715 2883 742 2936; x_wconf 72' lang='grc' dir='ltr'>ὅ.</span> <span class='ocrx_word' id='word_1_176' title='bbox 785 2885 813 2954; x_wconf 70' lang='grc' dir='ltr'>γ)</span> <span class='ocrx_word' id='word_1_177' title='bbox 838 2888 877 2939; x_wconf 87' lang='lat' dir='ltr'>Se</span> <span class='ocrx_word' id='word_1_178' title='bbox 904 2889 1012 2956; x_wconf 81' lang='lat' dir='ltr'>quidem</span> <span class='ocrx_word' id='word_1_179' title='bbox 1039 2909 1121 2960; x_wconf 87' lang='lat' dir='ltr'>quunr</span> 
     </span>
     <span class='ocr_line' id='line_1_25' title="bbox 92 2955 1119 3032; baseline 0.002 -22"><span class='ocrx_word' id='word_1_180' title='bbox 92 2975 165 3032; x_wconf 86' lang='lat' dir='ltr'>resp.</span> <span class='ocrx_word' id='word_1_181' title='bbox 185 2960 363 3014; x_wconf 80' lang='lat' dir='ltr'>severitatem</span> <span class='ocrx_word' id='word_1_182' title='bbox 383 2958 601 3017; x_wconf 80' lang='lat' dir='ltr'>desideraverit,</span> <span class='ocrx_word' id='word_1_183' title='bbox 626 2958 710 3007; x_wconf 86' lang='lat' dir='ltr'>fuisse</span> <span class='ocrx_word' id='word_1_184' title='bbox 728 2955 927 3018; x_wconf 83' lang='lat' dir='ltr'>vehementem,</span> <span class='ocrx_word' id='word_1_185' title='bbox 952 2977 1023 3012; x_wconf 89' lang='lat' dir='ltr'>nunc</span> <span class='ocrx_word' id='word_1_186' title='bbox 1041 2979 1119 3022; x_wconf 85' lang='lat' dir='ltr'>rero,</span> 
     </span>
     <span class='ocr_line' id='line_1_26' title="bbox 91 3027 1120 3086; baseline 0.003 -4"><span class='ocrx_word' id='word_1_187' title='bbox 91 3049 151 3082; x_wconf 86' lang='lat' dir='ltr'>cum</span> <span class='ocrx_word' id='word_1_188' title='bbox 172 3048 267 3083; x_wconf 89' lang='lat' dir='ltr'>omues</span> <span class='ocrx_word' id='word_1_189' title='bbox 287 3047 384 3082; x_wconf 83' lang='lat' dir='ltr'>causae</span> <span class='ocrx_word' id='word_1_190' title='bbox 403 3031 437 3080; x_wconf 91' lang='lat' dir='ltr'>ad</span> <span class='ocrx_word' id='word_1_191' title='bbox 449 3027 642 3080; x_wconf 85' lang='lat' dir='ltr'>humanitatem</span> <span class='ocrx_word' id='word_1_192' title='bbox 658 3030 767 3086; x_wconf 82' lang='lat' dir='ltr'>vocent,</span> <span class='ocrx_word' id='word_1_193' title='bbox 786 3033 901 3080; x_wconf 83' lang='lat' dir='ltr'>naturae</span> <span class='ocrx_word' id='word_1_194' title='bbox 920 3046 984 3082; x_wconf 83' lang='lat' dir='ltr'>suae</span> <span class='ocrx_word' id='word_1_195' title='bbox 1003 3033 1120 3084; x_wconf 81' lang='lat' dir='ltr'>servire.</span> 
     </span>
     <span class='ocr_line' id='line_1_27' title="bbox 91 3097 1120 3168; baseline 0.002 -16"><span class='ocrx_word' id='word_1_196' title='bbox 91 3101 113 3168; x_wconf 71' lang='grc'>5.</span> <span class='ocrx_word' id='word_1_197' title='bbox 133 3100 163 3153; x_wconf 82' lang='grc'>6.</span> <span class='ocrx_word' id='word_1_198' title='bbox 201 3103 229 3164; x_wconf 87' lang='lat' dir='ltr'>b)</span> <span class='ocrx_word' id='word_1_199' title='bbox 250 3101 321 3152; x_wconf 86' lang='lat' dir='ltr'>Tum</span> <span class='ocrx_word' id='word_1_200' title='bbox 339 3101 439 3153; x_wconf 82' lang='lat' dir='ltr'>Servio</span> <span class='ocrx_word' id='word_1_201' title='bbox 459 3099 595 3167; x_wconf 86' lang='lat' dir='ltr'>Sulpicio,</span> <span class='ocrx_word' id='word_1_202' title='bbox 617 3097 664 3166; x_wconf 90' lang='lat' dir='ltr'>qui</span> <span class='ocrx_word' id='word_1_203' title='bbox 683 3102 846 3164; x_wconf 84' lang='lat' dir='ltr'>conquestus</span> <span class='ocrx_word' id='word_1_204' title='bbox 865 3105 934 3158; x_wconf 84' lang='lat' dir='ltr'>erat,</span> <span class='ocrx_word' id='word_1_205' title='bbox 954 3098 1120 3154; x_wconf 81' lang='lat' dir='ltr'>Ciceronem</span> 
     </span>
     <span class='ocr_line' id='line_1_28' title="bbox 89 3166 1119 3233; baseline 0.004 -13"><span class='ocrx_word' id='word_1_206' title='bbox 89 3171 291 3223; x_wconf 72' lang='lat' dir='ltr'>familiaritatis</span> <span class='ocrx_word' id='word_1_207' title='bbox 311 3169 443 3229; x_wconf 91' lang='lat' dir='ltr'>oblitum,</span> <span class='ocrx_word' id='word_1_208' title='bbox 463 3186 570 3220; x_wconf 88' lang='lat' dir='ltr'>causam</span> <span class='ocrx_word' id='word_1_209' title='bbox 588 3168 621 3219; x_wconf 80' lang='lat' dir='ltr'>L.</span> <span class='ocrx_word' id='word_1_210' title='bbox 638 3166 770 3218; x_wconf 76' lang='lat' dir='ltr'>Murenae</span> <span class='ocrx_word' id='word_1_211' title='bbox 790 3173 886 3219; x_wconf 84' lang='lat' dir='ltr'>contra</span> <span class='ocrx_word' id='word_1_212' title='bbox 904 3186 933 3221; x_wconf 93' lang='lat' dir='ltr'>se</span> <span class='ocrx_word' id='word_1_213' title='bbox 954 3171 1119 3233; x_wconf 86' lang='lat' dir='ltr'>defendere,</span> 
     </span>
     <span class='ocr_line' id='line_1_29' title="bbox 88 3236 1120 3312; baseline 0.003 -19"><span class='ocrx_word' id='word_1_214' title='bbox 88 3243 230 3293; x_wconf 85' lang='lat' dir='ltr'>satisfacit</span> <span class='ocrx_word' id='word_1_215' title='bbox 248 3245 329 3308; x_wconf 85' lang='lat' dir='ltr'>atque</span> <span class='ocrx_word' id='word_1_216' title='bbox 349 3240 535 3298; x_wconf 87' lang='lat' dir='ltr'>demonstrat,</span> <span class='ocrx_word' id='word_1_217' title='bbox 570 3238 602 3304; x_wconf 83' lang='lat' dir='ltr'>u)</span> <span class='ocrx_word' id='word_1_218' title='bbox 628 3254 658 3288; x_wconf 91' lang='lat' dir='ltr'>se</span> <span class='ocrx_word' id='word_1_219' title='bbox 676 3236 803 3306; x_wconf 83' lang='lat' dir='ltr'>Sulpicio</span> <span class='ocrx_word' id='word_1_220' title='bbox 825 3241 995 3294; x_wconf 86' lang='lat' dir='ltr'>consulatum</span> <span class='ocrx_word' id='word_1_221' title='bbox 1012 3245 1120 3312; x_wconf 82' lang='lat' dir='ltr'>petenti</span> 
     </span>
     <span class='ocr_line' id='line_1_30' title="bbox 89 3308 1119 3377; baseline 0.004 -15"><span class='ocrx_word' id='word_1_222' title='bbox 89 3313 181 3364; x_wconf 84' lang='lat' dir='ltr'>omnia</span> <span class='ocrx_word' id='word_1_223' title='bbox 201 3311 282 3362; x_wconf 86' lang='lat' dir='ltr'>amici</span> <span class='ocrx_word' id='word_1_224' title='bbox 301 3309 388 3361; x_wconf 83' lang='lat' dir='ltr'>officia</span> <span class='ocrx_word' id='word_1_225' title='bbox 405 3309 592 3377; x_wconf 84' lang='lat' dir='ltr'>praestitisse,</span> <span class='ocrx_word' id='word_1_226' title='bbox 620 3313 717 3359; x_wconf 89' lang='lat' dir='ltr'>contra</span> <span class='ocrx_word' id='word_1_227' title='bbox 736 3308 851 3358; x_wconf 83' lang='lat' dir='ltr'>sulutem</span> <span class='ocrx_word' id='word_1_228' title='bbox 872 3317 961 3361; x_wconf 87' lang='lat' dir='ltr'>autem</span> <span class='ocrx_word' id='word_1_229' title='bbox 979 3313 1011 3362; x_wconf 86' lang='lat' dir='ltr'>L.</span> <span class='ocrx_word' id='word_1_230' title='bbox 1026 3313 1119 3367; x_wconf 78' lang='lat' dir='ltr'>lllure·</span> 
     </span>
     <span class='ocr_line' id='line_1_31' title="bbox 86 3378 1165 3449; baseline 0.003 -16"><span class='ocrx_word' id='word_1_231' title='bbox 86 3397 149 3444; x_wconf 81' lang='lat' dir='ltr'>nae,</span> <span class='ocrx_word' id='word_1_232' title='bbox 171 3389 201 3436; x_wconf 90' lang='lat' dir='ltr'>et</span> <span class='ocrx_word' id='word_1_233' title='bbox 219 3396 318 3449; x_wconf 73' lang='lat' dir='ltr'>magna</span> <span class='ocrx_word' id='word_1_234' title='bbox 336 3387 364 3431; x_wconf 91' lang='lat' dir='ltr'>et</span> <span class='ocrx_word' id='word_1_235' title='bbox 383 3387 477 3432; x_wconf 84' lang='lat' dir='ltr'>vetere</span> <span class='ocrx_word' id='word_1_236' title='bbox 497 3378 617 3430; x_wconf 83' lang='lat' dir='ltr'>amicitie</span> <span class='ocrx_word' id='word_1_237' title='bbox 634 3393 727 3430; x_wconf 86' lang='lat' dir='ltr'>seeum</span> <span class='ocrx_word' id='word_1_238' title='bbox 746 3379 898 3449; x_wconf 85' lang='lat' dir='ltr'>conjuncti,</span> <span class='ocrx_word' id='word_1_239' title='bbox 918 3380 987 3433; x_wconf 89' lang='lat' dir='ltr'>nibil</span> <span class='ocrx_word' id='word_1_240' title='bbox 1007 3384 1118 3436; x_wconf 87' lang='lat' dir='ltr'>debere.</span> <span class='ocrx_word' id='word_1_241' title='bbox 1164 3421 1165 3424; x_wconf 19' lang='grc' dir='ltr'><strong>κ</strong></span> 
     </span>
     <span class='ocr_line' id='line_1_32' title="bbox 87 3449 1119 3522; baseline 0.006 -21"><span class='ocrx_word' id='word_1_242' title='bbox 87 3453 111 3522; x_wconf 67' lang='grc'>5.</span> <span class='ocrx_word' id='word_1_243' title='bbox 126 3453 156 3506; x_wconf 82' lang='grc'>8.</span> <span class='ocrx_word' id='word_1_244' title='bbox 195 3451 226 3522; x_wconf 78' lang='grc' dir='ltr'>β)</span> <span class='ocrx_word' id='word_1_245' title='bbox 246 3450 325 3518; x_wconf 79' lang='lat' dir='ltr'>Quae</span> <span class='ocrx_word' id='word_1_246' title='bbox 339 3452 363 3501; x_wconf 85' lang='lat' dir='ltr'>si</span> <span class='ocrx_word' id='word_1_247' title='bbox 383 3468 465 3502; x_wconf 87' lang='lat' dir='ltr'>causa</span> <span class='ocrx_word' id='word_1_248' title='bbox 482 3462 536 3500; x_wconf 86' lang='lat' dir='ltr'>nen</span> <span class='ocrx_word' id='word_1_249' title='bbox 554 3453 636 3508; x_wconf 78' lang='lat' dir='ltr'>esset,</span> <span class='ocrx_word' id='word_1_250' title='bbox 654 3453 745 3500; x_wconf 84' lang='lat' dir='ltr'>tamen</span> <span class='ocrx_word' id='word_1_251' title='bbox 764 3455 792 3500; x_wconf 90' lang='lat' dir='ltr'>ot</span> <span class='ocrx_word' id='word_1_252' title='bbox 811 3449 971 3518; x_wconf 66' lang='lat' dir='ltr'>dignitatem</span> <span class='ocrx_word' id='word_1_253' title='bbox 990 3462 1018 3506; x_wconf 91' lang='lat' dir='ltr'>et</span> <span class='ocrx_word' id='word_1_254' title='bbox 1034 3454 1119 3507; x_wconf 82' lang='lat' dir='ltr'>bono·</span> 
     </span>
     <span class='ocr_line' id='line_1_33' title="bbox 85 3517 1118 3592; baseline 0.003 -20"><span class='ocrx_word' id='word_1_255' title='bbox 85 3540 146 3574; x_wconf 87' lang='lat' dir='ltr'>renr</span> <span class='ocrx_word' id='word_1_256' title='bbox 164 3522 199 3575; x_wconf 81' lang='lat'>1..</span> <span class='ocrx_word' id='word_1_257' title='bbox 218 3523 366 3580; x_wconf 78' lang='lat' dir='ltr'>Murenae,</span> <span class='ocrx_word' id='word_1_258' title='bbox 386 3527 468 3588; x_wconf 82' lang='lat' dir='ltr'>atque</span> <span class='ocrx_word' id='word_1_259' title='bbox 487 3521 569 3572; x_wconf 81' lang='lat' dir='ltr'>etium</span> <span class='ocrx_word' id='word_1_260' title='bbox 587 3517 739 3580; x_wconf 81' lang='lat' dir='ltr'>beneficia,</span> <span class='ocrx_word' id='word_1_261' title='bbox 766 3518 819 3569; x_wconf 86' lang='lat' dir='ltr'>sibi</span> <span class='ocrx_word' id='word_1_262' title='bbox 838 3537 854 3570; x_wconf 83' lang='lat' dir='ltr'>e</span> <span class='ocrx_word' id='word_1_263' title='bbox 871 3523 975 3592; x_wconf 88' lang='lat' dir='ltr'>populo</span> <span class='ocrx_word' id='word_1_264' title='bbox 994 3523 1118 3576; x_wconf 82' lang='lat' dir='ltr'>Romano</span> 
     </span>
     <span class='ocr_line' id='line_1_34' title="bbox 85 3591 1119 3664; baseline 0.004 -20"><span class='ocrx_word' id='word_1_265' title='bbox 85 3600 210 3664; x_wconf 87' lang='lat' dir='ltr'>propter</span> <span class='ocrx_word' id='word_1_266' title='bbox 236 3593 309 3644; x_wconf 80' lang='lat' dir='ltr'>cives</span> <span class='ocrx_word' id='word_1_267' title='bbox 334 3591 551 3642; x_wconf 83' lang='lat' dir='ltr'>defensos¹data</span> <span class='ocrx_word' id='word_1_268' title='bbox 573 3591 701 3656; x_wconf 69' lang='lat' dir='ltr'>exigere,</span> <span class='ocrx_word' id='word_1_269' title='bbox 735 3596 767 3643; x_wconf 89' lang='lat' dir='ltr'>ut</span> <span class='ocrx_word' id='word_1_270' title='bbox 785 3605 892 3640; x_wconf 85' lang='lat' dir='ltr'>causam</span> <span class='ocrx_word' id='word_1_271' title='bbox 911 3593 981 3645; x_wconf 89' lang='lat' dir='ltr'>tanti</span> <span class='ocrx_word' id='word_1_272' title='bbox 999 3595 1119 3662; x_wconf 85' lang='lat' dir='ltr'>periculi</span> 
     </span>
     <span class='ocr_line' id='line_1_35' title="bbox 86 3660 1118 3734; baseline -0.004 -20"><span class='ocrx_word' id='word_1_273' title='bbox 86 3665 242 3734; x_wconf 71' lang='lat' dir='ltr'>suscipiat,</span> <span class='ocrx_word' id='word_1_274' title='bbox 269 3662 299 3712; x_wconf 90' lang='lat' dir='ltr'>id</span> <span class='ocrx_word' id='word_1_275' title='bbox 324 3661 397 3730; x_wconf 88' lang='lat' dir='ltr'>quod</span> <span class='ocrx_word' id='word_1_276' title='bbox 422 3661 507 3730; x_wconf 88' lang='lat' dir='ltr'>ipsius</span> <span class='ocrx_word' id='word_1_277' title='bbox 526 3660 696 3729; x_wconf 57' lang='lat' dir='ltr'>&amp;Sulpicii</span> <span class='ocrx_word' id='word_1_278' title='bbox 715 3660 805 3711; x_wconf 84' lang='lat' dir='ltr'>studio</span> <span class='ocrx_word' id='word_1_279' title='bbox 825 3667 905 3729; x_wconf 85' lang='lat' dir='ltr'>atque</span> <span class='ocrx_word' id='word_1_280' title='bbox 921 3663 1027 3730; x_wconf 81' lang='lat' dir='ltr'>judicio</span> <span class='ocrx_word' id='word_1_281' title='bbox 1047 3683 1118 3718; x_wconf 87' lang='lat' dir='ltr'>com.</span> 
     </span>
     <span class='ocr_line' id='line_1_36' title="bbox 85 3731 1117 3803; baseline 0.004 -19"><span class='ocrx_word' id='word_1_282' title='bbox 85 3734 237 3803; x_wconf 86' lang='lat' dir='ltr'>probatur.</span> <span class='ocrx_word' id='word_1_283' title='bbox 257 3732 284 3800; x_wconf 78' lang='grc' dir='ltr'>γ)</span> <span class='ocrx_word' id='word_1_284' title='bbox 303 3731 440 3799; x_wconf 78' lang='lat' dir='ltr'>Denique,</span> <span class='ocrx_word' id='word_1_285' title='bbox 459 3733 483 3783; x_wconf 90' lang='lat' dir='ltr'>si</span> <span class='ocrx_word' id='word_1_286' title='bbox 501 3732 586 3799; x_wconf 87' lang='lat' dir='ltr'>ipsius</span> <span class='ocrx_word' id='word_1_287' title='bbox 604 3731 778 3782; x_wconf 81' lang='lat' dir='ltr'>familiaritas</span> <span class='ocrx_word' id='word_1_288' title='bbox 797 3737 825 3782; x_wconf 91' lang='lat' dir='ltr'>et</span> <span class='ocrx_word' id='word_1_289' title='bbox 843 3749 881 3791; x_wconf 90' lang='lat' dir='ltr'>se,</span> <span class='ocrx_word' id='word_1_290' title='bbox 902 3741 930 3784; x_wconf 87' lang='lat' dir='ltr'>et</span> <span class='ocrx_word' id='word_1_291' title='bbox 944 3731 980 3802; x_wconf 77' lang='lat' dir='ltr'>Q.</span> <span class='ocrx_word' id='word_1_292' title='bbox 995 3734 1117 3788; x_wconf 84' lang='lat' dir='ltr'>Horten·</span> 
     </span>
     <span class='ocr_line' id='line_1_37' title="bbox 86 3800 1116 3875; baseline 0.002 -20"><span class='ocrx_word' id='word_1_293' title='bbox 86 3805 158 3856; x_wconf 85' lang='lat' dir='ltr'>sium</span> <span class='ocrx_word' id='word_1_294' title='bbox 178 3808 208 3855; x_wconf 92' lang='lat' dir='ltr'>et</span> <span class='ocrx_word' id='word_1_295' title='bbox 226 3802 263 3852; x_wconf 79' lang='grc' dir='ltr'>Μ.</span> <span class='ocrx_word' id='word_1_296' title='bbox 284 3800 414 3854; x_wconf 86' lang='lat' dir='ltr'>Crassum</span> <span class='ocrx_word' id='word_1_297' title='bbox 433 3802 467 3853; x_wconf 88' lang='lat' dir='ltr'>ab</span> <span class='ocrx_word' id='word_1_298' title='bbox 486 3801 536 3854; x_wconf 89' lang='lat' dir='ltr'>bac</span> <span class='ocrx_word' id='word_1_299' title='bbox 556 3818 636 3851; x_wconf 90' lang='lat' dir='ltr'>causa</span> <span class='ocrx_word' id='word_1_300' title='bbox 655 3802 833 3860; x_wconf 86' lang='lat' dir='ltr'>removisset,</span> <span class='ocrx_word' id='word_1_301' title='bbox 862 3803 1001 3854; x_wconf 85' lang='lat' dir='ltr'>consulem</span> <span class='ocrx_word' id='word_1_302' title='bbox 1028 3807 1116 3875; x_wconf 77' lang='lat' dir='ltr'>desig·</span> 
     </span>
     <span class='ocr_line' id='line_1_38' title="bbox 86 3871 1116 3944; baseline -0.001 -20"><span class='ocrx_word' id='word_1_303' title='bbox 86 3881 184 3926; x_wconf 80' lang='lat' dir='ltr'>natum</span> <span class='ocrx_word' id='word_1_304' title='bbox 204 3873 376 3924; x_wconf 82' lang='lat' dir='ltr'>defensorem</span> <span class='ocrx_word' id='word_1_305' title='bbox 395 3889 448 3922; x_wconf 90' lang='lat' dir='ltr'>uon</span> <span class='ocrx_word' id='word_1_306' title='bbox 466 3871 623 3922; x_wconf 80' lang='lat' dir='ltr'>babituram</span> <span class='ocrx_word' id='word_1_307' title='bbox 641 3871 726 3922; x_wconf 84' lang='lat' dir='ltr'>fuisse</span> <span class='ocrx_word' id='word_1_308' title='bbox 750 3872 778 3920; x_wconf 87' lang='lat' dir='ltr'>iu</span> <span class='ocrx_word' id='word_1_309' title='bbox 799 3887 830 3921; x_wconf 90' lang='lat' dir='ltr'>ea</span> <span class='ocrx_word' id='word_1_310' title='bbox 849 3873 936 3932; x_wconf 86' lang='lat' dir='ltr'>urbe,</span> <span class='ocrx_word' id='word_1_311' title='bbox 961 3875 990 3923; x_wconf 90' lang='lat' dir='ltr'>iu</span> <span class='ocrx_word' id='word_1_312' title='bbox 1011 3893 1063 3944; x_wconf 70' lang='lat' dir='ltr'>qua</span> <span class='ocrx_word' id='word_1_313' title='bbox 1082 3897 1116 3930; x_wconf 85' lang='lat' dir='ltr'>ne</span> 
     </span>
     <span class='ocr_line' id='line_1_39' title="bbox 83 3941 1018 4014; baseline -0.001 -18"><span class='ocrx_word' id='word_1_314' title='bbox 83 3944 182 3996; x_wconf 79' lang='lat' dir='ltr'>infimo</span> <span class='ocrx_word' id='word_1_315' title='bbox 203 3943 312 4012; x_wconf 81' lang='lat' dir='ltr'>quidem</span> <span class='ocrx_word' id='word_1_316' title='bbox 330 3943 447 4014; x_wconf 85' lang='lat' dir='ltr'>majores</span> <span class='ocrx_word' id='word_1_317' title='bbox 466 3947 610 4010; x_wconf 75' lang='lat' dir='ltr'>patronum</span> <span class='ocrx_word' id='word_1_318' title='bbox 631 3942 725 3993; x_wconf 84' lang='lat' dir='ltr'>deesse</span> <span class='ocrx_word' id='word_1_319' title='bbox 743 3941 888 3994; x_wconf 83' lang='lat' dir='ltr'>voluerint.</span> <span class='ocrx_word' id='word_1_320' title='bbox 927 3943 949 4012; x_wconf 66' lang='grc' dir='ltr'>ξ.</span> <span class='ocrx_word' id='word_1_321' title='bbox 971 3944 1018 3998; x_wconf 79' lang='lat'>10.</span> 
     </span>
    </p>
   </div>
   <div class='ocr_carea' id='block_1_6' title="bbox 24 4026 1114 4224">
    <p class='ocr_par' dir='ltr' id='par_1_6' title="bbox 24 4026 1114 4224">
     <span class='ocr_line' id='line_1_40' title="bbox 24 4026 1104 4106; baseline 0.007 -28"><span class='ocrx_word' id='word_1_322' title='bbox 24 4026 152 4100; x_wconf 63' lang='lat' dir='ltr'>§equitur</span> <span class='ocrx_word' id='word_1_323' title='bbox 170 4029 290 4081; x_wconf 80' lang='lat' dir='ltr'>Partitio</span> <span class='ocrx_word' id='word_1_324' title='bbox 308 4030 393 4081; x_wconf 86' lang='lat' dir='ltr'>totius</span> <span class='ocrx_word' id='word_1_325' title='bbox 408 4029 551 4088; x_wconf 88' lang='lat' dir='ltr'>orationis,</span> <span class='ocrx_word' id='word_1_326' title='bbox 569 4028 647 4098; x_wconf 90' lang='lat' dir='ltr'>cujus</span> <span class='ocrx_word' id='word_1_327' title='bbox 658 4028 748 4100; x_wconf 82' lang='lat' dir='ltr'>prima</span> <span class='ocrx_word' id='word_1_328' title='bbox 762 4044 827 4098; x_wconf 85' lang='lat' dir='ltr'>pars</span> <span class='ocrx_word' id='word_1_329' title='bbox 842 4037 967 4084; x_wconf 83' lang='lat' dir='ltr'>versatur</span> <span class='ocrx_word' id='word_1_330' title='bbox 979 4033 1007 4084; x_wconf 87' lang='lat' dir='ltr'>in</span> <span class='ocrx_word' id='word_1_331' title='bbox 1021 4052 1104 4106; x_wconf 88' lang='lat' dir='ltr'>repre</span> 
     </span>
     <span class='ocr_line' id='line_1_41' title="bbox 83 4097 1114 4173; baseline 0.006 -22"><span class='ocrx_word' id='word_1_332' title='bbox 83 4101 220 4152; x_wconf 87' lang='lat' dir='ltr'>bensioue</span> <span class='ocrx_word' id='word_1_333' title='bbox 246 4101 319 4152; x_wconf 79' lang='lat' dir='ltr'>ritae</span> <span class='ocrx_word' id='word_1_334' title='bbox 346 4097 378 4150; x_wconf 85' lang='lat' dir='ltr'>L.</span> <span class='ocrx_word' id='word_1_335' title='bbox 403 4099 553 4158; x_wconf 75' lang='lat' dir='ltr'>Murenae,</span> <span class='ocrx_word' id='word_1_336' title='bbox 585 4099 674 4152; x_wconf 85' lang='lat' dir='ltr'>altera</span> <span class='ocrx_word' id='word_1_337' title='bbox 698 4099 727 4148; x_wconf 88' lang='lat' dir='ltr'>in</span> <span class='ocrx_word' id='word_1_338' title='bbox 754 4101 928 4156; x_wconf 86' lang='lat' dir='ltr'>contentione</span> <span class='ocrx_word' id='word_1_339' title='bbox 955 4103 1114 4173; x_wconf 72' lang='lat' dir='ltr'>diguitatis,</span> 
     </span>
     <span class='ocr_line' id='line_1_42' title="bbox 83 4169 542 4224; baseline -0.004 0"><span class='ocrx_word' id='word_1_340' title='bbox 83 4173 174 4224; x_wconf 84' lang='lat' dir='ltr'>tertia</span> <span class='ocrx_word' id='word_1_341' title='bbox 194 4172 222 4220; x_wconf 86' lang='lat' dir='ltr'>in</span> <span class='ocrx_word' id='word_1_342' title='bbox 240 4169 398 4222; x_wconf 90' lang='lat' dir='ltr'>criminibus</span> <span class='ocrx_word' id='word_1_343' title='bbox 416 4171 542 4223; x_wconf 87' lang='lat' dir='ltr'>ambitus.</span> 
     </span>
    </p>
   </div>
   <div class='ocr_carea' id='block_1_7' title="bbox 24 4232 1114 4331">
    <p class='ocr_par' dir='ltr' id='par_1_7' title="bbox 24 4232 1114 4331">
     <span class='ocr_line' id='line_1_43' title="bbox 24 4232 1114 4331; baseline 0.01 -27"><span class='ocrx_word' id='word_1_344' title='bbox 24 4253 40 4314; x_wconf 82' lang='lat' dir='ltr'>l,</span> <span class='ocrx_word' id='word_1_345' title='bbox 74 4257 110 4309; x_wconf 90' lang='lat' dir='ltr'>lu</span> <span class='ocrx_word' id='word_1_346' title='bbox 127 4258 222 4327; x_wconf 86' lang='lat' dir='ltr'>prima</span> <span class='ocrx_word' id='word_1_347' title='bbox 235 4257 320 4326; x_wconf 76' lang='lat' dir='ltr'>igitur</span> <span class='ocrx_word' id='word_1_348' title='bbox 338 4253 537 4324; x_wconf 73' lang='lat' dir='ltr'>Confistaliorts&#39;s</span> <span class='ocrx_word' id='word_1_349' title='bbox 558 4264 637 4325; x_wconf 88' lang='lat' dir='ltr'>parte</span> <span class='ocrx_word' id='word_1_350' title='bbox 661 4259 755 4305; x_wconf 84' lang='lat' dir='ltr'>orator</span> <span class='ocrx_word' id='word_1_351' title='bbox 780 4253 879 4312; x_wconf 87' lang='lat' dir='ltr'>docet.</span> <span class='ocrx_word' id='word_1_352' title='bbox 899 4232 1017 4321; x_wconf 53' lang='lat' dir='ltr'>mm</span> <span class='ocrx_word' id='word_1_353' title='bbox 1044 4281 1114 4331; x_wconf 78' lang='lat' dir='ltr'>quae</span> 
     </span>
    </p>
   </div>
   <div class='ocr_carea' id='block_1_8' title="bbox 83 4326 1113 4444">
    <p class='ocr_par' dir='ltr' id='par_1_8' title="bbox 83 4326 1113 4444">
     <span class='ocr_line' id='line_1_44' title="bbox 83 4326 1113 4444; baseline -0.004 -62"><span class='ocrx_word' id='word_1_354' title='bbox 83 4329 119 4382; x_wconf 79' lang='lat' dir='ltr'>alr</span> <span class='ocrx_word' id='word_1_355' title='bbox 136 4329 169 4380; x_wconf 80' lang='lat' dir='ltr'>S.</span> <span class='ocrx_word' id='word_1_356' title='bbox 186 4326 315 4398; x_wconf 82' lang='lat' dir='ltr'>Sulpicio</span> <span class='ocrx_word' id='word_1_357' title='bbox 333 4327 442 4398; x_wconf 82' lang='lat' dir='ltr'>objectu</span> <span class='ocrx_word' id='word_1_358' title='bbox 457 4329 510 4384; x_wconf 84' lang='lat' dir='ltr'>sit,</span> <span class='ocrx_word' id='word_1_359' title='bbox 538 4346 553 4377; x_wconf 88' lang='lat' dir='ltr'>a</span> <span class='ocrx_word' id='word_1_360' title='bbox 573 4327 603 4378; x_wconf 60' lang='lat' dir='ltr'>lu.</span> <span class='ocrx_word' id='word_1_361' title='bbox 621 4326 736 4376; x_wconf 73' lang='lat' dir='ltr'>Murena</span> <span class='ocrx_word' id='word_1_362' title='bbox 760 4328 872 4444; x_wconf 60' lang='lat' dir='ltr'>begnod</span> <span class='ocrx_word' id='word_1_363' title='bbox 894 4331 1060 4398; x_wconf 71' lang='lat' dir='ltr'>voluptatem</span> <span class='ocrx_word' id='word_1_364' title='bbox 1086 4343 1113 4387; x_wconf 66' lang='lat' dir='ltr'>st</span> 
     </span>
    </p>
   </div>
   <div class='ocr_carea' id='block_1_9' title="bbox 0 0 1416 5018">
    <p class='ocr_par' dir='ltr' id='par_1_9' title="bbox 0 0 1416 5018">
     <span class='ocr_line' id='line_1_45' title="bbox 0 0 1416 5018; baseline 0 7"><span class='ocrx_word' id='word_1_365' title='bbox 0 0 1416 5018; x_wconf 95' lang='lat' dir='ltr'> </span> 
     </span>
    </p>
   </div>
  </div>
 </body>
</html>
