2782 5022
258 377 343 454 204
506 337 1025 436 *onanro'm

259 543 419 619 coloniis,
440 543 560 628 quas¹)
576 545 713 606 Fesulas
736 544 774 606 1..
795 542 887 604 Sulla
902 541 1066 603 'deduxitr
1089 540 1124 601 in
1143 541 1182 618 Q.
1200 539 1340 600 Manlium

188 685 193 695 .
256 626 444 701 Chilonem,
467 629 598 706 quiana
616 650 688 690 cum
706 628 768 689 hoc
786 627 884 688 Furio
905 648 1033 707 semper
1050 631 1119 686 erat
1135 624 1170 682 in
1188 623 1250 684 bac
1268 623 1341 684 Allo·

167 722 170 726 ’
257 710 391 790 brogum
412 710 647 773 sollicitatione
666 717 838 782 versatus,
869 709 904 768 in
919 708 957 771 P.
983 709 1200 780 Umbrenum,
1233 707 1341 765 liberti-
1380 725 1386 800 q

172 860 175 870 1
259 815 334 853 num
353 793 535 869 hominem,
559 817 658 878 aquo
679 795 812 876 primum
830 792 945 854 Gallos
964 792 1006 851 ad
1025 791 1201 852 Gabinium
1224 791 1342 872 perdue-

257 885 310 936 tos
340 899 412 962 esqe
445 879 625 938 constabat.
667 880 775 960 Atque
802 899 839 936 ea
863 875 1000 938 lenitate
1028 882 1159 935 senatus
1187 882 1240 933 est
1262 895 1341 944 usus,

259 959 429 1035 Quirites,
462 968 498 1021 ut
523 983 562 1020 ex
583 969 674 1021 tanta
696 960 939 1032 coniuratione,
971 965 1127 1038 tantaque
1143 957 1177 1017 vi
1199 979 1237 1016 ac
1254 956 1340 1015 multi·

191 1079 193 1086 =
256 1043 372 1103 tudine
397 1044 648 1118 domesticorum
666 1044 827 1114 bostium,
859 1064 974 1104 novem
992 1041 1155 1100 hominum
1175 1039 1340 1120 perditissi·
1385 1081 1386 1086 κ

220 1121 223 1128 ’
258 1147 380 1187 morum
408 1149 533 1208 poena,
569 1126 739 1208 republica
767 1133 989 1197 conservata,¹
1013 1124 1215 1212 reliquorum
1237 1131 1338 1182 mentes

210 1224 249 1280 15
261 1209 368 1269 sanari
395 1231 494 1290 posse
524 1211 745 1272 arbitraretur.
798 1210 906 1290 Atque
942 1208 1038 1268 etiam
1065 1205 1269 1291 supplicatio
1295 1205 1337 1262 diis

257 1291 493 1357 immortalibus
525 1316 585 1374 pro
617 1292 775 1372 singulari
810 1313 920 1352 eorum
950 1291 1090 1363 merito,
1126 1310 1199 1350 meo
1233 1289 1337 1348 nomine
1385 1349 1386 1365 χ

258 1373 391 1446 decreta
409 1384 480 1450 est,
504 1377 670 1453 Quirites:
702 1376 789 1456 quod
805 1375 884 1434 mihi
902 1376 1038 1464 primum
1055 1371 1235 1453 posthanc
1252 1373 1340 1431 urben
1378 1375 1386 1467 3]

232 1473 246 1540 j·
258 1459 422 1520 conditam
444 1468 556 1539 togato
578 1458 735 1540 contigit:
759 1466 792 1518 et
812 1457 863 1517 his
881 1459 1015 1524 decreta
1034 1456 1142 1517 verbis
1166 1465 1235 1528 est,
1258 1475 1340 1524 ouon
1385 1451 1386 1542 J

257 1561 648 1616 unnnnrnnnnnus,
680 1563 807 1615 uanus
839 1562 980 1614 cavus,
1020 1555 1201 1600 rrantau
1224 1558 1339 1598 nunno

174 1693 185 1710 q
257 1643 536 1686 urnunassnur
572 1626 664 1702 Quae
695 1624 893 1706 supplicatio
923 1625 951 1684 si
983 1645 1053 1682 cum
1085 1623 1207 1682 ceteris
1239 1619 1341 1700 suppli·

259 1709 442 1800 nationibus
460 1708 487 1793 ²)
510 1711 707 1786 conferatur,
730 1708 891 1785 Quirites,
913 1707 975 1768 hoc
996 1707 1139 1779 intersit,
1162 1706 1255 1788 quod
1275 1711 1341 1764 cete·

1262 1857 1340 1871 ,1-

303 1956 342 2026 l)
362 1974 395 2010 ex
413 1955 598 2034 bislcolonim
618 1973 695 2026 quos.
731 1955 763 2022 2)
782 1973 842 2008 cum
861 1955 962 2008 ceteris
981 1955 1151 2008 continuatur.

256 2207 402 2258 omnesque
420 2188 502 2240 Parr.
521 2198 637 2261 excepto
654 2191 692 2252 4,
711 2193 740 2242 in
753 2210 806 2260 quo
825 2193 958 2261 scriptum
976 2197 1031 2243 este
1051 2209 1084 2242 ex
1102 2190 1144 2240 ln's
1161 2174 1275 2247 cilonis,
1292 2203 1340 2254 quas

254 2269 320 2320 ete,
341 2261 414 2329 quod
429 2262 459 2310 in
474 2261 596 2329 Nauger.
612 2264 727 2352 aliisque
746 2264 809 2314 edd.
825 2270 892 2314 vett.
912 2270 1048 2314 servatum
1070 2263 1177 2332 placuit
1194 2262 1303 2312 Mur-etc
1317 2257 1340 2306 al

255 2332 289 2384 II
303 2331 418 2402 ssat(9‚
439 2333 512 2399 quod
529 2351 582 2382 non
601 2335 697 2402 plures
715 2335 836 2385 colonias
852 2335 934 2384 Sulla
947 2335 1055 2384 FesulIs
1073 2334 1268 2391 constituerim
1294 2346 1340 2379 ean·
1385 2325 1386 2344 ¹

256 2404 372 2468 demque
382 2402 416 2451 oh
427 2419 534 2452 eausam
542 2411 683 2472 receptum
696 2412 737 2456 est
747 2406 780 2455 ab
790 2405 931 2455 Ernestio.
958 2405 998 2456 At
1013 2421 1093 2470 quum
1106 2403 1152 2454 vel
1163 2403 1283 2453 diversis
1292 2408 1340 2450 tem·

256 2473 415 2542 poribusin
434 2473 546 2523 eandem
595 2476 657 2526 bem
675 2477 798 2526 coloniae
823 2477 923 2526 deduci
941 2473 1149 2543 potuerint[v,
1164 2472 1240 2523 Phil.
1255 2468 1339 2521 1140:
1385 2469 1386 2486 ³

156 2565 158 2572 ·
257 2543 396 2592 deduxisti
413 2543 544 2614 coloniam
585 2546 724 2605 asitinaua,
744 2565 794 2612 quo
814 2545 918 2596 Caesar
935 2554 999 2594 unte
1014 2543 1201 2611 deduxerat];
1223 2544 1268 2596 vel
1283 2540 1340 2590 colo·
1385 2539 1386 2556 ³

257 2615 320 2664 niae
334 2613 449 2664 chulas
466 2615 622 2684 circumque
639 2618 701 2668 locu
715 2618 850 2668 deductae
864 2617 986 2683 intelligi
999 2617 1106 2684 possint
1122 2615 1158 2682 [v.
1169 2633 1197 2682 p.
1207 2616 1279 2664 Mur.
1288 2608 1339 2675 ill:

258 2684 343 2735 lectio
363 2685 511 2736 deterioris
526 2688 629 2737 codicis
646 2688 711 2748 mibi
726 2690 911 2756 praeferenda
922 2705 976 2737 non
991 2693 1066 2746 erat,
1095 2687 1339 2754 praesertimquun
1385 2679 1386 2684 ’

256 2754 322 2805 Par.
337 2753 372 2814 9,
393 2757 439 2822 qui
456 2756 556 2806 colonis
573 2757 699 2818 exbibet,
720 2766 811 2809 tamen
828 2778 894 2826 quas
914 2760 1040 2812 retineat.
1078 2775 1104 2808 v.
1118 2757 1151 2806 11
1169 2755 1235 2807 Cat.
1252 2755 1278 2805 9.
1385 2748 1386 2775 l

247 2869 254 2878 .
279 2825 332 2893 μζ.
354 2824 401 2875 lli.
436 2827 606 2894 snpplicatio.
643 2829 704 2881 Liv.
725 2830 818 2878 'vxll
838 2830 871 2880 l:
907 2829 1048 2879 Decretum
1073 2856 1105 2866 -
1130 2827 1170 2876 uti
1193 2822 1337 2894 supplicatio
1385 2829 1386 2840 ¹

252 2895 434 2965 pertriduum
451 2895 488 2946 ad
505 2899 592 2948 omnia
607 2900 764 2966 pulvinaria
782 2900 943 2960 baberetur3
966 2927 997 2938 -
1012 2905 1145 2967 postremo
1165 2895 1339 2947 lectisterninn

203 3011 205 3018 .
256 2969 427 3036 imperatum,
446 2975 473 3016 et
492 2969 640 3019 corevivium
655 2970 798 3038 publicum.
834 2989 859 3022 v.
875 2971 949 3021 inira
965 2969 1012 3020 ll).

234 3058 237 3064 ¹
310 3055 363 3087 meo
382 3039 501 3101 recurrine,
528 3056 700 3101 meacausa,
727 3041 859 3092 inmcum
874 3041 1015 3092 honorem.
1051 3040 1127 3088 Fam.
1142 3036 1189 3086 xl
1205 3036 1259 3088 18:
1289 3033 1338 3082 Ten

255 3109 355 3158 recenti
372 3109 572 3177 prestructione,
600 3127 678 3185 quum
696 3119 741 3160 tuo
760 3113 862 3162 nornine
880 3110 917 3161 cni
936 3112 1024 3161 orinia
1042 3109 1149 3160 deornm
1175 3107 1275 3177 templa
1288 3102 1337 3172 feel·

257 3195 321 3228 rous.
358 3177 599 3231 v.Liv.11165.
1025 3211 1030 3227 .
1385 3181 1386 3190 ’

274 3271 277 3278 ·
306 3255 410 3320 toqutc.
446 3249 518 3300 Phil.
543 3251 577 3299 II
603 3248 637 3301 6:
673 3251 705 3300 L.
729 3251 899 3319 [Aurelius]
926 3248 1007 3301 Cotta
1037 3250 1082 3299 vir
1109 3265 1207 3298 sacunino
1234 3244 1336 3314 inperio,
1385 3243 1386 3294 J

254 3319 405 3384 summa'que
417 3320 577 3387 prurientia,
596 3324 673 3372 rebus
692 3324 725 3372 iis
740 3323 831 3391 pestis,
855 3339 922 3387 quas
937 3330 967 3371 tu
982 3319 1161 3389 reprehendis,
1180 3315 1336 3387 snpplicatio·

255 3408 313 3438 nem
327 3389 445 3439 decrevit
460 3392 548 3442 uerbis
563 3393 751 3460 arnplissirnis,
780 3393 855 3458 cique
873 3391 917 3442 illi
935 3393 1005 3461 ipsi,
1033 3407 1097 3456 qnos
1114 3389 1190 3440 inodo
1210 3383 1334 3439 norninani

208 3497 210 3504 >
254 3460 408 3510 ecresnlares
427 3461 478 3528 [P.
496 3460 647 3521 Servilius,
669 3462 702 3525 Q.
721 3461 783 3512 Lret.
805 3461 933 3522 Catulus,
953 3463 1005 3513 dano
1024 3461 1150 3517 Luculli,
1170 3460 1210 3511 M.
1230 3457 1334 3508 Graan.

239 3512 291 3593 lQ.
306 3531 483 3590 Hortensius,
505 3530 535 3581 G.
553 3531 652 3590 Curio,
673 3533 712 3582 M.
730 3533 861 3600 Lepidus,
883 3531 914 3583 G.
931 3534 1011 3590 Piso,
1030 3531 1068 3581 M.
1090 3529 1216 3588 Glabrio,¹
1236 3530 1267 3578 L.
1285 3523 1334 3574 Vol·

254 3603 358 3663 entius,
380 3600 410 3652 C.
430 3601 561 3672 Fiqulus,
589 3603 623 3655 D.
640 3603 750 3654 Silanus
768 3611 793 3652 et
810 3604 841 3654 L.
857 3605 973 3654 Μιινεηα
987 3619 1053 3654 coss.
1070 3601 1207 3672 ‹lesiqniL
1234 3603 1334 3650 testam·

256 3690 306 3738 qne
324 3680 431 3722 cunctus
445 3692 568 3723 assensus
582 3682 637 3734 est,
657 3677 703 3739 qui
719 3674 801 3723 boreos
816 3685 879 3742 post
897 3675 973 3725 conci.
992 3675 1061 3723 banc
1082 3675 1172 3722 urbem
1191 3672 1293 3721 babitus
1305 3669 1334 3714 esl

255 3749 347 3812 tapeto
366 3749 427 3792 unte
446 3763 485 3794 me
503 3746 608 3794 rremtni.
644 3763 669 3796 v.
686 3763 713 3812 p.
731 3745 803 3796 Sull.
820 3745 868 3795 50.
896 3745 990 3813 Quint.
1010 3741 1118 3802 1116,
1138 3741 1172 3794 8:
1209 3741 1248 3791 M.
1267 3733 1333 3788 Tullii

255 3813 407 3878 eloquentia
421 3844 452 3854 ·-
475 3812 612 3864 Catilinae
626 3813 710 3886 freqit
727 3815 884 3882 astancium,
908 3824 935 3866 et
953 3803 1177 3884 supplicatiorffis,
1195 3813 1250 3878 ,qui
1266 3805 1334 3858 unxi·

256 3900 311 3932 mus
328 3882 574 3950 bonorvvictnribns
597 3885 666 3936 bellu
682 3886 792 3936 ducibus
807 3886 904 3946 riatur,
924 3888 952 3937 in
970 3895 1033 3955 toqa
1048 3886 1151 3948 assernit.
1171 3911 1203 3922 -
1237 3879 1270 3932 In
1286 3893 1332 3928 ter·

254 3954 299 4005 bis
316 3971 392 4020 seqq.
408 3957 503 4025 recepi
517 3975 612 4008 vocem
625 3958 880 4026 supplicationibus,
906 3959 934 4006 in
961 3958 1080 4024 vulgatis
1103 3956 1244 4012 antissam,
1269 3961 1332 4020 quan

256 4041 349 4076 omnes
365 4026 451 4085 Bate.
469 4028 549 4079 Parr.
566 4028 664 4078 Duisb.
681 4023 768 4078 Barb.
786 4027 861 4078 Otr.
880 4035 907 4078 et
921 4029 987 4078 libri
1003 4028 1107 4078 Mureti
1123 4029 1250 4078 retinent.

228 4097 232 4122 r
308 4094 357 4146 boc
377 4096 491 4154 intersit.
529 4099 577 4150 Sic
593 4100 675 4166 plane
692 4100 725 4149 de
745 4099 881 4158 0ff.12‚
902 4097 935 4150 ὃς
972 4097 1043 4156 llic,
1062 4100 1086 4148 si
1104 4099 1156 4158 sibl
1175 4099 1330 4165 ips-eanum·

254 4166 324 4224 siat,
358 4173 384 4214 et
410 4183 463 4216 reon
490 4169 620 4219 interdurn
644 4177 758 4218 staturae
786 4172 904 4220 bonitate
928 4171 1067 4228 virlcatnr,
1100 4186 1182 4234 neque
1207 4161 1330 4215 alatrinae

165 4235 169 4242 ”
254 4237 342 4287 colere
357 4240 458 4305 possit,
486 4239 698 4307 necjnstitiam,
723 4259 769 4290 nec
789 4241 995 4300 liberalitatem
1030 4239 1206 4306 sentiscere,
1232 4234 1329 4284 dolorm

253 4326 379 4358 surrentum
398 4308 651 4378 mnlnnsjudicans,
679 4310 842 4378 uolrrptntem
867 4331 991 4370 sununnrn
1017 4313 1109 4361 bortruu
1133 4317 1262 4360 statuens,
1285 4311 1327 4374 (ὥς

254 4387 326 4431 certe
345 4379 420 4431 nullo
439 4380 514 4432 modo
533 4389 630 4453 potest.
667 4380 706 4433 Et
730 4383 824 4451 paullo
852 4373 945 4452 pestz'
973 4382 1035 4434 Hae
1053 4380 1226 4451 disciplinae,
1251 4367 1326 4425 Sllll‘
