2782 5022
213 335 297 412 230
600 331 960 396 orsrro'

130 541 133 547 .
212 503 247 555 In
264 503 389 555 Exordlo
407 503 488 576 bajus
507 495 642 562 orationis
662 509 767 564 Cicera
793 526 903 563 causam
921 510 1053 580 exponit.
1079 525 1130 564 cnr
1148 511 1258 563 Aulum
1276 511 1323 562 Lt-

283 575 382 626 cinium
401 576 602 633 defendendum
621 581 778 652 susceperit
795 582 819 650 5.
836 581 919 633 l-t.
938 583 1066 651 petitque
1085 599 1101 632 a
1116 581 1274 651 jndicibus,
1294 591 1324 634 nt

280 663 309 696 se
327 663 385 714 pro·
399 663 501 700 summo
520 659 604 718 poeta
622 659 705 721 atque
721 653 907 705 eruditissimo
920 650 1030 704 bomine
1047 653 1194 710 dicentem,
1213 654 1322 720 patian-

279 724 326 767 tur
345 717 378 768 de
393 719 492 770 studiis
509 719 685 775 humanitatis
703 741 734 775 ac
751 723 897 774 literarum
910 723 1008 792 paullo
1026 721 1104 790 loqui
1119 721 1241 773 liberius
1261 725 1285 792 5
1295 723 1323 776 ὅ.

280 787 352 910 {nm
371 789 407 908 :lli
423 792 643 911 ptropositioncsn
661 801 871 863 transgressus,
901 796 969 846 duas
988 794 1240 862 ergumcuttlifflfi·
1259 810 1323 863 μ’·

295 876 326 910 es
343 875 372 908 ιιι
406 876 437 910 ca
461 883 466 910 :

209 950 234 1003 1.
269 951 530 1040 Aulum‘Lieinium
547 973 601 1006 non
618 960 700 1009 modo
718 957 1012 1026 nonsegregandum,
1033 933 1116 1026 duum
1134 956 1173 1010 sit
1190 957 1282 1016 ciris.
1308 977 1323 1008 a

280 1039 395 1074 numero
414 1025 534 1084 cisium,
867 1045 872 1054 ¹
910 1039 913 1048 '
1193 1027 1197 1034 ¹

209 1091 249 1142 11.
278 1111 374 1145 verum
393 1096 490 1155 etiam,
510 1097 607 1148 sinon
626 1104 715 1158 esset,
735 1098 944 1152 adsciscendum
962 1097 1057 1148 fuisse.

258 1205 263 1211 ,
314 1176 339 1229 1.
375 1180 411 1231 ln
425 1181 521 1250 priore
541 1182 787 1248 argumentationis
809 1189 890 1252 parte
910 1189 1006 1234 orator
1025 1185 1053 1246 a)
1067 1188 1181 1232 enarrat
1193 1181 1321 1234 Arabiae

279 1267 365 1316 genus
385 1257 413 1301 ct
431 1251 505 1302 vitae
525 1253 633 1311 studia,
661 1259 763 1321 utque,
796 1254 869 1304 lama
896 1253 1000 1323 ingenii
1023 1267 1203 1322 peromnem
1223 1253 1321 1304 Asiam

279 1327 362 1388 atque
383 1319 532 1374 Graeciam
552 1323 714 1383 celebrata,
742 1342 759 1374 a
778 1323 958 1383 Tarentinis,
987 1322 1123 1390 Rheginis
1142 1330 1230 1390 atque
1250 1324 1321 1374 Nea-

278 1391 410 1460 politanis
430 1394 543 1443 civitate
564 1393 698 1453 donatus,
716 1393 832 1445 Romani
851 1394 979 1455 venerit,
1006 1400 1035 1462 et
1053 1411 1069 1444 a
1087 1393 1219 1444 Lucullis
1240 1401 1269 1446 et
1289 1395 1321 1445 ab

279 1462 342 1524 ¹aliis
360 1461 518 1514 illustribus
537 1462 605 1516 viris
623 1464 818 1532 benignissime
838 1468 990 1535 exceptus,
1019 1465 1214 1535 poetaliquot
1237 1482 1321 1516 anuos

224 1555 228 1561 ·
280 1549 341 1583 cum
358 1532 391 1582 L.
411 1533 530 1601 Lucullo
549 1535 578 1584 in
598 1535 725 1586 Siciliam
741 1538 904 1607 proiectus,
934 1536 1077 1588 civitatem
1095 1535 1130 1586 ab
1149 1535 1318 1588 Heraclien·

279 1603 355 1654 sibus
373 1604 574 1672 impetraverit.
594 1605 618 1674 5.
637 1604 721 1658 4-6.
759 1609 786 1671 b)
814 1608 924 1659 Deinde
942 1606 1099 1678 confirmat,
1123 1605 1160 1656 Α.
1179 1606 1316 1656 Licininn

280 1692 339 1740 esse
365 1675 452 1726 civem
476 1676 644 1735 Romanum,
678 1686 831 1746 propterca
858 1678 933 1747 quod
956 1677 1047 1730 tribus
1074 1676 1145 1744 legis
1173 1676 1271 1728 Silani
1296 1683 1318 1728 et

278 1743 427 1804 Carbonis,
438 1748 642 1801 conditionibus
662 1749 729 1800 satis
747 1749 868 1810 federit3
887 1766 1004 1817 namque
1024 1747 1056 1815 α)
1072 1747 1249 1816 adscriptum
1263 1765 1318 1798 esse

206 1865 209 1875 .
236 1867 238 1872 ,
275 1807 411 1868 Arabiam
430 1817 537 1872 civitati
553 1819 716 1872 foederatae
734 1818 975 1879 Heracliensium,
1002 1814 1106 1886 idque}
1135 1836 1222 1886 quum
1241 1818 1318 1869 tabu-

277 1887 320 1938 las
355 1887 579 1942 Heracliensium
614 1890 741 1958 publicas
767 1890 871 1942 Italico
904 1891 1000 1948 bello,
1034 1891 1147 1941 incenso
1174 1889 1319 1940 tabulario

277 1958 417 2011 interiisse
437 1960 525 2012 sciant
544 1977 655 2020 omnes.
681 1963 839 2014 testimonio
858 1961 971 2013 Luculli
997 1965 1024 2010 et
1048 1960 1205 2028 legatorum
1228 1959 1318 2010 Hera·

277 2029 421 2084 cliensium
439 2032 565 2099 probari.
600 2031 623 2098 5
640 2030 724 2084 7-8.
759 2031 789 2101 β)
808 2051 869 2086 cum
886 2032 981 2082 multis
1000 2032 1077 2082 annis
1094 2036 1156 2081 aute
1175 2031 1319 2084 civitatem

278 2101 370 2152 datam
397 2103 491 2152 sedem
517 2102 636 2152 omnium
662 2119 755 2156 rerum
780 2109 863 2172 atque
885 2103 1059 2154 fortunarum
1079 2117 1189 2152 suarum
1207 2101 1317 2152 Rornae

278 2172 509 2234 collocassem
533 2173 560 2241 γ)
580 2173 736 2244 professum
755 2193 821 2226 csse·
833 2175 907 2242 apud
928 2173 964 2241 Q.
983 2173 1156 2232 llletessm,¹
1177 2169 1319 2224 bominem
1371 2209 1376 2228 .

278 2243 478 2306 sanctissimum
498 2249 526 2294 et
546 2244 801 2310 diligentissimum,
831 2252 859 2296 et
883 2245 918 2294 iis
943 2244 1046 2295 tabulis
1067 2244 1227 2312 professum
1248 2258 1317 2299 esse.

277 2332 346 2381 quac
366 2315 444 2376 solae
461 2331 494 2365 cx
505 2313 563 2365 silla
577 2315 750 2382 professione
767 2315 943 2384 collegioque
959 2321 1121 2383 praetorum
1138 2313 1317 2382 publicarum

168 2427 172 2438 .
244 2384 434 2436 'tabularum
454 2385 649 2437 anctoritatem
668 2386 819 2438 obtineant.
854 2388 878 2456 5
898 2385 927 2436 9.
963 2386 1062 2453 Itaque
1081 2403 1136 2436 non
1155 2401 1238 2444 esse,
1269 2404 1318 2436 cnr

191 2463 219 2516 ‘¹
275 2457 311 2505 ‹le
331 2456 390 2524 ejus
410 2454 523 2508 civitate
542 2455 696 2516 dubitetur,
714 2459 879 2526 praesertim
896 2474 977 2524 quum
993 2457 1056 2508 aliis
1073 2473 1182 2524 quoqne
1200 2455 1233 2504 in
1253 2458 1317 2506 eivi-

274 2525 378 2576 tatibus
396 2525 484 2578 fuerit
502 2527 667 2595 adscriptus.
694 2527 787 2598 510.
823 2534 848 2592 c)
877 2528 1004 2596 Denique
1029 2525 1133 2594 refluat
1158 2527 1317 2578 adversarii

231 2639 233 2643 .
265 2596 475 2666 objectionem,
495 2596 629 2649 Arabiam
648 2615 758 2662 censum
777 2615 832 2650 non
852 2617 929 2658 esse,
951 2599 1089 2657 dicendo,
1107 2598 1187 2662 illurn
1204 2599 1317 2648 censeri

274 2685 328 2717 non
355 2669 495 2735 potuisse,
525 2675 678 2739 propterca
704 2672 778 2740 quod
797 2671 936 2739 proximis
957 2669 1134 2728 consoribus,
1162 2667 1195 2720 L.
1215 2665 1315 2720 Gellio

244 2799 247 2802 ¹
274 2737 426 2789 Publicola
445 2745 473 2790 et
493 2737 545 2790 Cn.
566 2740 701 2793 Cornelio
720 2741 841 2793 Lentulo
861 2739 1019 2800 Clodiano,
1039 2757 1062 2791 a.
1082 2759 1108 2790 u.
1128 2757 1152 2790 c.
1170 2737 1236 2790 684
1256 2757 1315 2790 cum

225 2859 229 2867 ,
255 2809 257 2816 ’
275 2808 435 2862 L.Lucullo
449 2811 618 2879 imperatore
629 2813 703 2882 apud
716 2813 877 2871 exercitum,
898 2818 926 2865 ct
940 2811 1142 2880 superioribus,
1161 2808 1194 2861 L.
1205 2809 1314 2861 Marcio

275 2879 425 2948 Philippo,
460 2881 499 2932 lli.
519 2882 707 2951 Perpernam.
725 2902 752 2934 u.
773 2901 797 2934 c.
817 2881 878 2934 666
906 2900 966 2934 cum
991 2883 1088 2934 eodem
1112 2887 1264 2948 quaestore
1288 2882 1315 2929 in

263 2952 345 3002 -Asia
370 2952 473 3004 fuerit:
509 2954 608 3022 primis
635 2958 725 3004 autem
751 2960 816 3023 post
843 2953 984 3006 civitatem
1011 2953 1074 3020 lege
1098 2951 1176 3004 dulia
1204 2952 1313 3008 datam.

275 3023 308 3073 Ρ.
326 3022 435 3072 Licinio
456 3022 559 3082 Crasso
580 3029 609 3074 et
626 3024 660 3077 L.
678 3023 757 3075 Julio
778 3023 911 3082 Caesare,
933 3023 1011 3076 nulla
1028 3022 1126 3091 populi
1144 3039 1220 3089 pars=
1231 3040 1314 3073 censa

276 3094 321 3144 sit.
357 3093 491 3144 Archiam
518 3102 610 3146 tamen
634 3095 668 3144 iis
695 3095 867 3163 temporibus
895 3095 924 3143 in
951 3095 1049 3145 civium
1068 3094 1149 3144 liam.
1165 3093 1233 3162 jure
1255 3111 1312 3143 esse

275 3171 432 3224 versatum,
461 3167 528 3216 satis
546 3171 692 3216 constare:
721 3182 801 3232 quum
822 3172 850 3215 et
867 3170 1033 3216 testamenta
1051 3163 1314 3230 Romanis-legibus

191 3235 196 3240 ’
274 3235 392 3294 iecerit,
422 3241 450 3286 et
467 3235 638 3286 hereditates
658 3233 757 3286 civium
775 3237 962 3286 Romanorum
982 3234 1113 3292 adierit„
1130 3240 1158 3286 et
1181 3235 1312 3286 inbene-

189 3305 191 3309 ’
274 3306 345 3356 liciis
364 3307 399 3354 ad
418 3301 556 3359 aerarium
576 3306 685 3424 *iplatus
704 3305 748 3355 sit.
786 3307 810 3373 5.
831 3305 879 3357 ll.

309 3376 351 3427 11.
387 3378 496 3440 Altera.
508 3395 574 3444 pars
603 3377 673 3446 nujus
692 3376 826 3426 orationis
844 3375 973 3444 poeticae
992 3373 1135 3426 facultatis
1158 3379 1188 3425 ct
1207 3375 1309 3426 doctri·

272 3466 323 3500 nnc
339 3447 555 3516 jucundissimae
576 3447 667 3514 gratia
685 3447 800 3506 nititur:
821 3445 963 3500 contendit
982 3445 1053 3495 enim
1072 3442 1187 3502 Cicero,
1206 3446 1309 3495 Aulum

272 3518 424 3576 Licinium,
455 3519 561 3569 etiarnsi
582 3519 649 3570 civis
667 3533 722 3568 non
742 3525 814 3570 esset
824 3521 834 3577 ,'
861 3524 952 3569 tamen
978 3515 1185 3566 adsciscendum
1205 3517 1308 3572 laisan

271 3607 388 3657 namque
410 3592 438 3646 a)
457 3588 499 3639 bis
518 3589 635 3647 studiis,
656 3581 757 3656 quibus
774 3589 883 3641 deditus
902 3588 938 3639 sit
955 3585 1087 3644 Arabius,
1111 3587 1229 3646 animum
1249 3605 1307 3636 ora·

271 3661 343 3712 toris
362 3677 395 3709 ex
412 3660 518 3710 forensi
537 3661 658 3728 strepitu
676 3659 814 3719 relaxari,
840 3666 922 3727 atque
941 3658 1029 3726 ipsam
1050 3657 1204 3709 orationem
1223 3664 1252 3708 et
1271 3656 1306 3706 di·

274 3731 355 3782 rendi
373 3730 536 3782 facultatem
554 3747 694 3782 crescere.
715 3730 738 3797 5.
760 3729 882 3782 tlt-15.
921 3730 947 3790 b)
974 3728 1081 3777 Eadem
1100 3743 1210 3796 quoque
1229 3745 1304 3796 prae·

262 3801 364 3870 ceptis
391 3807 473 3869 atque
501 3802 634 3870 exemplis
653 3801 769 3854 animum
789 3807 817 3854 et
835 3805 953 3852 mentem
972 3799 1009 3849 ad
1026 3811 1118 3866 remp.
1132 3799 1204 3850 bene
1224 3799 1304 3848 admi·

274 3872 443 3926 nisti-andam
471 3873 654 3927 conformare.
688 3871 712 3939 5.
746 3870 793 3924 ld.
849 3870 956 3922 Orator
983 3870 1108 3920 occurrit
1135 3869 1304 3939 objectioni.

275 3945 349 4011 quod
366 3960 422 3995 uon
440 3943 647 4004 omnesvsummi
666 3942 720 3994 viri
737 3943 793 3994 ista
812 3942 939 3994 doctrina
959 3940 1063 3992 eruditi
1081 3940 1195 3991 tuerint.
1217 3941 1239 4007 5.
1260 3938 1305 3990 lb.

273 4017 299 4078 e)
324 4014 479 4066 Praeterea
504 4032 537 4065 ex
555 4013 597 4064 bis
616 4013 714 4066 studiis
731 4029 785 4062 non
803 4013 892 4066 solum
911 4013 1017 4064 fructus
1037 4011 1186 4070 maximos,
1214 4027 1305 4062 verum

275 4087 358 4138 etiam
385 4085 598 4138 delectationem
627 4083 849 4134 humanissimam
872 4101 903 4136 ac
936 4080 1159 4134 liberalissimam
1188 4081 1303 4152 percipi.

227 4167 232 4176 ·
273 4155 365 4224 516.
402 4155 431 4216 d)
450 4154 560 4223 ¹Quodsi
577 4155 632 4223 ipsi
649 4154 716 4205 baec
736 4171 817 4208 sensu
836 4159 931 4205 nostro
953 4160 1064 4220 gustare
1082 4170 1137 4204 nou
1154 4169 1304 4221 possemus.

273 4225 364 4279 tamen
389 4245 422 4280 ca
445 4227 525 4290 nobis
545 4221 632 4278 'ctiam
650 4225 679 4276 in
699 4225 761 4275 aliis
781 4227 906 4278 miranda
925 4241 993 4278 csse.
1020 4224 1043 4290 5.
1065 4221 1111 4274 1⁷.
1148 4229 1174 4283 e)
1193 4224 1222 4274 A
1238 4241 1303 4272 sum·

272 4299 324 4348 mis
349 4297 503 4358 hominibus
530 4298 663 4358 traditum
691 4313 770 4354 essa,
806 4303 916 4364 poetam
943 4296 1035 4347 divino
1063 4293 1182 4362 quodam
1206 4295 1304 4364 spiritu

273 4367 383 4426 inflari,
411 4375 442 4420 ut
462 4370 527 4438 jure
552 4385 601 4422 sno
619 4367 726 4420 Ennius
747 4373 857 4421 sanctos
876 4365 1028 4438 appellarit
1046 4367 1163 4433 poetes.
1190 4383 1304 4434 quoru·
