2854 5024
244 359 377 436 28.
566 321 968 413 'enarro

247 531 283 588 et
308 525 572 588 honestissimam
599 533 633 589 ct
658 525 883 590 suavissimam
910 546 985 587 esse
1008 523 1217 588 arbitrantur.
1260 521 1341 603 Quid

195 611 365 670 senenses
395 611 481 670 huuc
511 611 618 692 ipsum
649 609 726 670 Sex.
753 609 931 685 Roscium,
964 632 1028 692 quo
1059 611 1191 684 studio,
1226 618 1259 669 et
1286 634 1341 693 qua

247 694 469 774 intelligentia
492 715 565 754 esse
587 693 623 752 in
643 692 777 752 rusticis
799 693 924 752 rebus?
954 703 990 753 ut
1021 716 1061 756 ex
1082 693 1133 754 his
1156 693 1340 785 propinquis

236 769 544 851 'eius,'hon'1inibus
560 775 822 849 honestissimis,
846 775 963 850 audio,
985 797 1051 836 non
1072 784 1108 836 tu
1129 777 1164 836 in
1185 777 1250 836 isto
1274 778 1342 836 arti·

223 860 321 926 ‘ficio
340 861 544 920 accusatorio
568 858 720 920 callidior
743 881 799 930 es,
840 882 933 942 quam
963 859 1018 918 hic
1041 861 1075 919 in
1099 879 1168 920 suo.
1212 859 1341 932 Verum,

247 951 284 1004 ut
306 943 440 1024 opinor,
464 943 613 1026 quoniam
634 942 681 1002 ita
702 941 919 1024 Chrysogono
941 941 1082 1016 videtur,
1106 943 1162 1025 qui
1181 939 1342 1002 huic'nul-

247 1023 315 1086 lum
331 1026 500 1106 praedium
521 1025 679 1108 reliquit,
713 1032 746 1084 et
768 1025 937 1084 artificium
955 1025 1192 1098 obliviscatur,
1227 1033 1260 1084 ct
1282 1031 1342 1084 stu-

248 1109 336 1169 dium
356 1109 511 1190 deponat,
532 1108 658 1168 licebit.
702 1108 800 1183 Quod
817 1107 948 1188 tametsi
967 1109 1118 1168 miserum
1136 1117 1168 1169 et
1182 1108 1342 1188 indignum

249 1200 322 1264 est,
345 1193 430 1253 ieret
450 1198 560 1252 tamen
582 1212 685 1274 aequo
709 1188 836 1264 animo,
865 1191 991 1251 iudices
1003 1237 1012 1264 ,
1040 1193 1069 1252 si
1090 1213 1150 1274 per
1170 1210 1229 1251 vos
1253 1191 1342 1251 vitam

248 1283 283 1336 et
304 1275 420 1335 famam
439 1282 551 1356 potest
574 1273 744 1334 obtinere:
778 1274 841 1334 hoe
862 1295 942 1334 vero
965 1277 1036 1348 est,
1070 1276 1158 1358 quod
1184 1274 1265 1333 ferri
1286 1295 1343 1334 non

247 1365 372 1439 potest,
385 1358 424 1420 si
444 1359 529 1418 etin
548 1357 633 1418 hanc
651 1356 867 1418 calamitatem
885 1359 1128 1439 venlt‘proptcr
1144 1357 1343 1439 praediorum

231 1441 433 1504 'bonitatem
454 1450 488 1501 et
509 1441 771 1513 multitudinem,
802 1449 856 1514 et,
889 1441 977 1523 quod
999 1464 1039 1501 ea
1058 1443 1206 1502 studiose
1238 1441 1341 1511 coluit,

248 1523 285 1586 id
316 1524 379 1583 erit
410 1524 441 1584 ei
472 1524 604 1604 mamare
635 1524 758 1588 fraudi:
789 1533 826 1584 ut
852 1546 965 1604 parum
988 1525 1142 1585 miseriae
1166 1525 1231 1598 sit,
1265 1523 1341 1606 quod

250 1607 325 1666 aliis
357 1607 481 1680 coluit,
513 1629 578 1668 nou
606 1607 690 1680 sihi,
725 1609 791 1670 nisi
820 1609 948 1681 etiam,
967 1607 1056 1690 quod
1078 1608 1208 1676 omniuo
1232 1607 1340 1679 coluit,

253 1689 381 1750 crimini
402 1691 511 1751 fuerit.
765 1731 783 1764 -,
842 1757 844 1761 ¹
926 1711 928 1715 ·
1193 1747 1197 1758 ,
1244 1734 1249 1744 .

156 1851 158 1856 Ι
201 1775 244 1832 60
317 1774 394 1832 Car.
416 1773 549 1833 XVIII.
582 1773 717 1846 Nacta,
740 1773 852 1854 Eruci,
876 1783 1048 1836 accusator
1066 1795 1156 1834 esses
1178 1773 1337 1844 ridiculus,

251 1855 281 1917 si
308 1852 377 1916 illis
399 1857 599 1938 temporibus
633 1866 729 1918 natus
763 1851 891 1932 esses,
913 1881 984 1918 eum
1014 1859 1055 1918 'ab
1077 1851 1183 1917 aratro
1200 1876 1335 1917 ‘arcesse-

153 2003 155 2015 .
248 1939 388 2012 bantur,
411 1940 470 2024 qui
489 1941 641 2000 consules
664 1941 789 2001 fierent.
833 1941 981 2014 Etenim,
1020 1941 1253 2024 quipraeesse
1276 1957 1336 2018 agro

249 2022 389 2083 colendo
411 2024 567 2103 flagitium
589 2032 698 2104 putes,
720 2024 869 2104 profecto
891 2025 983 2084 illum
1005 2023 1154 2098 Atilium,
1178 2041 1274 2106 quem
1294 2043 1339 2082 sua

248 2104 574 2187 manu'spargenlem
597 2128 728 2182 semen,
762 2107 818 2189 qui
839 2107 931 2167 missi
953 2117 1062 2178 erant,
1104 2112 1337 2175 convenerunt,

248 2187 412 2250 hominem
448 2190 672 2271 turpissimum
704 2199 801 2273 atque
837 2191 1136 2252 inhonestissimum
1173 2191 1337 2250 iudicares.

218 2462 220 2467 .
300 2420 402 2474 XVII.
435 2421 458 2490 fi.
475 2419 526 2474 49.
554 2421 619 2489 quaid
635 2422 744 2474 cernes?
772 2413 878 2486 Eadem
896 2421 1027 2490 loquendi
1043 2421 1132 2472 forma
1147 2421 1223 2476 Phil.
1240 2419 1339 2473 XII9=

251 2492 328 2556 Quid
339 2494 470 2551 censetis,
497 2510 576 2560 quum
593 2496 646 2558 iter
662 2495 796 2565 inpressas
812 2512 876 2554 ero,
903 2493 1009 2562 longum
1022 2493 1204 2560 praesertim,
1229 2495 1340 2544 nullasne

201 2581 204 2592 '
248 2563 365 2616 iusidias
385 2565 617 2632 pertimescendus.
654 2566 739 2616 Verr.
759 2565 787 2614 V
813 2564 850 2618 ὅ.
890 2563 964 2626 Quid
986 2563 1098 2624 deinde,
1129 2564 1195 2630 quid
1216 2563 1339 2616 'censetisl

156 2654 160 2661 ·
247 2632 351 2703 furtum
365 2632 484 2702 fortusse
499 2643 547 2684 aut
556 2635 687 2702 praedam
702 2637 862 2704 exspectatis
879 2634 1018 2702 aliquane?
1046 2633 1098 2683 III
1114 2633 1166 2685 IO:
1189 2634 1265 2698 Quid
1279 2634 1340 2683 narn?

249 2704 316 2772 quid
333 2707 441 2754 censes?
460 2711 508 2754 unt
523 2705 617 2767 dubis,
637 2715 685 2757 aut
701 2715 795 2756 contra
812 2706 925 2756 edictum
938 2705 1034 2773 sicima
1047 2703 1216 2762 darnnuhere.
1244 2707 1339 2755 Manat.

217 2768 223 2782 ¹
250 2775 347 2826 laudat
363 2775 417 2826 Off.
436 2775 470 2826 II
486 2775 513 2826 7.
528 2777 551 2844 ξ
567 2776 623 2826 25:
654 2778 728 2841 Quid
744 2779 812 2828 enim
829 2795 959 2826 censemus
976 2775 1138 2843 superiorem
1155 2776 1235 2826 illum
1250 2777 1341 2841 Diony-

139 2869 148 2888 s
248 2847 332 2904 sium,
350 2864 401 2912 qno
420 2847 541 2896 cruciatae
559 2849 661 2898 timoris
679 2850 743 2917 unpi
760 2849 876 2904 solitum,
896 2849 941 2912 qni
958 2847 1058 2896 erdtros
1075 2853 1189 2896 tractamus
1210 2847 1341 2898 tonsorios,

248 2917 378 2968 candente
393 2919 507 2967 sarbarae
525 2917 656 2968 uclrrrclrut
672 2920 806 2988 capillum.
845 2917 956 2978 Oratl
975 2917 1013 2980 II
1029 2919 1141 2978 crathin
1156 2917 1236 2976 Rull.
1251 2917 1284 2967 II
1302 2912 1341 2966 1⁷.

302 2988 439 3056 callidior.
467 2984 574 3052 *Verbo
588 2991 791 3042 medio'orator
805 2989 839 3040 dc
852 2989 957 3038 Erucio
975 2989 1003 3038 iu
1018 2988 1129 3050 malam,
1149 2988 1182 3038 de
1199 2989 1233 3039 S.
1249 2986 1341 3038 Iloseio

233 3060 279 3127 ¹in
293 3057 392 3127 bonam
408 3065 517 3128 partem
535 3077 598 3110 usus
617 3067 667 3111 est.
706 3062 786 3113 Orat.
803 3061 820 3111 I
836 3061 859 3128 ἓ.
877 3059 934 3110 48ι
966 3057 1001 3107 In
1015 3057 1058 3107 liis
1073 3061 1150 3112 rebus
1166 3061 1237 3109 satis
1255 3053 1342 3108 callida

193 3151 194 3156 ¹
249 3131 356 3180 uersari
374 3137 400 3178 et
412 3132 500 3198 perite
515 3137 612 3198 potest.
650 3149 675 3183 v.
702 3133 725 3201 ξ.
748 3131 788 3182 95
811 3138 838 3182 et
861 3129 929 3181 109.
966 3111 1125 3180 Columella
1144 3129 1207 3178 VII
1224 3129 1266 3190 ἶ5,
1293 3126 1343 3178 Iis

248 3199 413 3255 Aristoteles
428 3202 472 3250 uir
485 3199 679 3252 callidissimus
691 3221 778 3252 rerunt
796 3199 918 3250 staturae.
956 3217 981 3252 v.
1001 3198 1077 3250 Gell.
1093 3200 1140 3250 IX
1156 3197 1184 3248 9.
1346 3219 1348 3226 ’

301 3269 412 3338 franculi,
431 3270 449 3320 i.
467 3290 490 3322 e.
506 3272 649 3339 periculo,
670 3273 844 3323 damnatmni.
881 3272 965 3324 Vere.
983 3269 1106 3322 111402
1141 3269 1202 3320 Ilus
1223 3266 1342 3338 pecuniae

246 3358 297 3410 per
313 3341 367 3389 vird
384 3347 479 3408 captae
494 3343 546 3392 tibi
560 3341 655 3410 fraudi
672 3351 699 3393 et
716 3341 881 3414 dpnanationi
895 3344 951 3392 esse
961 3341 1094 3392 deberent.
1134 3341 1216 3404 Seru.
1232 3341 1268 3390 ad
1280 3339 1342 3387 Aen.

249 3411 279 3463 X
296 3409 350 3462 72:
371 3409 477 3477 Injure
487 3413 582 3462 lectum
591 3422 647 3463 est.-
664 3414 758 3482 fraudi
771 3416 823 3464 erit
837 3412 888 3462 illa
898 3431 949 3472 res,
968 3412 998 3461 id
1010 3419 1052 3462 cst
1061 3410 1193 3478 periculo.
1212 3429 1240 3478 p.
1252 3409 1343 3459 Cluen·

248 3483 289 3534 tio
308 3481 366 3534 ὅδε
407 3482 483 3544 Quae
500 3501 542 3534 res
565 3486 662 3534 raendni
682 3503 798 3552 unquam
812 3483 913 3554 fraudi
932 3481 996 3551 ficit.
1034 3481 1146 3532 Pariter
1166 3481 1293 3536 solemnis
1308 3481 1343 3527 cst

249 3553 371 3604 formula
390 3553 448 3602 sine
468 3551 574 3619 fraude.
611 3555 672 3607 Liv.
691 3555 711 3620 ¹I
732 3555 787 3616 24:
828 3554 907 3617 Quod
914 3551 988 3603 *sine
1011 3551 1111 3621 stands
1132 3571 1189 3602 mea
1207 3551 1343 3622 populique

248 3623 364 3674 Borcani
383 3623 530 3686 Quiritimu
540 3625 602 3694 fiat.
638 3644 664 3678 v.
680 3645 707 3695 p.
728 3627 802 3676 Mur.
816 3623 869 3693 ἱ55.

266 3741 279 3758 ,
302 3693 418 3744 XVIII.
457 3696 480 3763 ξ.
498 3693 547 3745 30.
583 3696 643 3745 Nae
666 3703 703 3748 tu.
739 3698 888 3748 Diomedes
912 3693 942 3744 1.
960 3711 986 3760 p.
1010 3691 1087 3743 588:
1123 3691 1239 3754 ¹Quoties
1261 3683 1343 3758 [nae]

190 3757 194 3772 ’
248 3764 291 3815 rei
305 3763 402 3816 dubiae
417 3772 443 3813 et
458 3766 538 3831 quasi
553 3766 728 3816 conditionali
743 3773 871 3836 aptatur,
899 3765 995 3832 recipit
1008 3770 1034 3814 ct
1049 3762 1220 3832 subjunctive
1229 3799 1242 3820 ‚,
1265 3758 1344 3810 codem

249 3841 361 3886 acceratn
377 3835 496 3902 [acuto]
513 3836 627 3894 clatum,
646 3846 676 3887 ut
689 3837 760 3904 apud
780 3836 835 3888 Cic.
851 3839 911 3886 Nae
924 3843 954 3886 tn
967 3840 1015 3885 etc.
1051 3833 1131 3884 Idem
1146 3852 1174 3902 p.
1195 3831 1264 3883 599.
1281 3828 1343 3880 affir-

249 3905 342 3958 mandi
355 3906 435 3956 niodo
452 3907 569 3973 positam
585 3926 644 3958 essa
660 3907 827 3977 particulam
843 3910 935 3958 docet:
969 3923 995 3956 v.
1014 3901 1054 3954 ΙΙ.
1075 3903 1139 3954 Cat.
1159 3903 1182 3972 g.
1200 3899 1228 3952 6.

304 3975 349 4040 qui
368 4003 399 4014 -
414 3983 505 4042 putes,
523 3977 541 4027 i.
559 3995 581 4028 e.
600 3996 661 4029 cum
678 3985 709 4028 tu
721 3969 810 4046 putes.
847 3980 932 4030 Vcrr.
952 3975 997 4026 IV
1020 3973 1077 4025 55:
1117 3974 1214 4024 Verres
1235 3971 1281 4040 'qui
1296 3984 1343 4018 rtur

249 4043 357 4097 Honori
374 4045 421 4111 sed
438 4047 534 4096 Veneri
547 4056 610 4098 vota
627 4049 751 4112 deberet,
776 4053 799 4100 is
811 4049 952 4100 Mineruae
970 4043 1093 4113 ternplum
1108 4045 1231 4112 spoliare*
1242 4046 1342 4092 conatae

249 4123 298 4166 est.
317 4115 345 4165 V
361 4115 419 4168 41³
441 4116 495 4178 Qui
508 4117 578 4168 nihil
593 4127 752 4178 raretuerent,
771 4120 841 4171 nihil
857 4122 1073 4188 suspicarentur,
1092 4117 1185 4164 statim
1198 4114 1342 4163 accurram·

304 4185 345 4236 Μ.
363 4187 468 4237 Atilius
483 4183 601 4258 Bupalus
617 4191 751 4242 Serranus
774 4191 870 4242 consul
889 4209 915 4240 u.
939 4207 962 4240 e.
976 4181 1047 4239 496.
1072 4204 1133 4236 cum
1149 4185 1199 4236 Cn.
1218 4178 1342 4259 Cornelio

250 4257 381 4316 Blaesio,
402 4266 430 4310 ct
446 4259 545 4309 iterum
558 4259 619 4313 505
633 4281 693 4314 cum
710 4261 863 4313 LManlio
878 4261 1022 4316 Vulsone,
1051 4256 1084 4306 de
1102 4274 1155 4324 quo
1173 4255 1244 4304 Plin.
1261 4251 1296 4302 Η.
1312 4249 1341 4298 li·

248 4325 357 4377 xvlll
374 4328 409 4378 5:
429 4329 564 4380 Serenum
577 4332 734 4386 inverterunt
747 4333 808 4384 dati
822 4333 935 4386 bonores
948 4330 1103 4388 Serranum,
1121 4325 1190 4379 unde
1202 4335 1346 4398 capuensem,

249 4413 276 4451 r.
293 4397 356 4453 val.
373 4396 412 4457 il.
430 4399 476 4458 lv
490 4401 529 4462 4,
553 4398 582 4454 5.
783 4451 785 4456 ,
1094 4407 1098 4424 ⁴
